<?xml version="1.0" encoding="UTF-8"?>
<collection xmlns="http://www.loc.gov/MARC21/slim" xmlns:xsi="http://www.w3.org/2001/XMLSchema-instance" xsi:schemaLocation="http://www.loc.gov/MARC21/slim http://www.loc.gov/standards/marcxml/schema/MARC21slim.xsd">
  <record>
    <leader>01000aam  22002601a 4500</leader>
    <controlfield tag="001">YPZ100826</controlfield>
    <controlfield tag="003">YPZ</controlfield>
    <controlfield tag="005">201710311120310</controlfield>
    <controlfield tag="008">171031|###########||||||b||||||||||spa|d</controlfield>
    <datafield tag="040" ind1=" " ind2=" ">
      <subfield code="c">SIUNPA</subfield>
    </datafield>
    <datafield tag="041" ind1=" " ind2=" ">
      <subfield code="a">spa</subfield>
    </datafield>
    <datafield tag="044" ind1=" " ind2=" ">
      <subfield code="a">US</subfield>
    </datafield>
    <datafield tag="080" ind1=" " ind2=" ">
      <subfield code="a">R91(059)(100)</subfield>
    </datafield>
    <datafield tag="245" ind1=" " ind2=" ">
      <subfield code="a">Almanaque mundial 1983</subfield>
      <subfield code="c"> / Álvarez del Real, María Eloísa, dir. ; Iglesias, Abelardo, redacción ; Leyva, René A., colab. ; Blanco, Patricia L.,colab. ; Bourbakis, Roberto, colab. ; Canet, Gerardo, colab. ; Cárdenas, Antonio, colab. ; Cartaya, José Tomás, colab. ; Gómez Sicre, José, colab. ; González Proaza, Alberto, colab. ; Howell Rivero, Luis, colab. ; Jaume, Adela, colab. ; Marcos, Regina de, colab. ; Márquez, José, colab. ; Marrero, Carlos, colab. ; Pardo Gutiérrez, Alfonso, colab. ; Pita, Juana Rosa, colab. ; Rodríguez, Dalia, colab. ; Ramos, Marcos A., colab. ; Engracia Sierra, María, colab. ; Vega, María Luisa, colab. ; Cañadas, Marcelo, il. ; Delgado, Josefina, il. ; Nadal, José, il. ; Vega, Luis, il.</subfield>
    </datafield>
    <datafield tag="260" ind1=" " ind2=" ">
      <subfield code="a">Florida, Fla.</subfield>
      <subfield code="b"> : América</subfield>
      <subfield code="c"> , 1982</subfield>
    </datafield>
    <datafield tag="500" ind1=" " ind2=" ">
      <subfield code="a">Subtít. de cubierta: Enciclopedia de datos útiles y conocimientos prácticos -- Temas extraordinarios en esta edición: El mapa del mundo a través de los siglos - ¿Se está desintegrando el sol? - Las momias, maravillas macabras - La inteligencia artificial - Bellezas del mundo subterráneo - El rayo y el trueno - La ventana infrarroja: nuevos ojos sobre el universo - Las conquistas de Alejandro Magno - El icono en el arte bizantino - El sorprendente viaje de los Voyager - El cine japonés conquista el mundo -- Nueva presentación - con datos adicionales, de los países del mundo -- Nuevos países del mundo</subfield>
    </datafield>
    <datafield tag="650" ind1=" " ind2=" ">
      <subfield code="a"> ANUARIO</subfield>
    </datafield>
    <datafield tag="650" ind1=" " ind2=" ">
      <subfield code="a"> GEOGRAFIA ECONOMICA</subfield>
    </datafield>
    <datafield tag="650" ind1=" " ind2=" ">
      <subfield code="a"> GEOGRAFIA POLITICA</subfield>
    </datafield>
    <datafield tag="650" ind1=" " ind2=" ">
      <subfield code="a"> DICCIONARIO</subfield>
    </datafield>
    <datafield tag="942" ind1=" " ind2=" ">
      <subfield code="c">BK</subfield>
    </datafield>
    <datafield tag="952" ind1=" " ind2=" ">
      <subfield code="a">BIB_RECT</subfield>
      <subfield code="b">BIB_UASJ</subfield>
      <subfield code="d">2017-10-31</subfield>
      <subfield code="y">BK</subfield>
      <subfield code="p">04-49157</subfield>
      <subfield code="i">04-49157</subfield>
      <subfield code="g">180</subfield>
      <subfield code="o">R91(059)(100)</subfield>
      <subfield code="e">Donación</subfield>
      <subfield code="8">CR</subfield>
    </datafield>
  </record>