
  <record>
    <leader>01000aam  22002601a 4500</leader>
    <controlfield tag="001">YPZ100840</controlfield>
    <controlfield tag="003">YPZ</controlfield>
    <controlfield tag="005">201711011035500</controlfield>
    <controlfield tag="008">171101|###########||||||b||||||||||spa|d</controlfield>
    <datafield tag="040" ind1=" " ind2=" ">
      <subfield code="c">SIUNPA</subfield>
    </datafield>
    <datafield tag="041" ind1=" " ind2=" ">
      <subfield code="a">spa</subfield>
    </datafield>
    <datafield tag="044" ind1=" " ind2=" ">
      <subfield code="a">AR</subfield>
    </datafield>
    <datafield tag="080" ind1=" " ind2=" ">
      <subfield code="a">902 J828a 2</subfield>
    </datafield>
    <datafield tag="110" ind1=" " ind2=" ">
      <subfield code="a">Jornadas de Arqueología de la Patagonia (2 : 1996 : Puerto Madryn).</subfield>
    </datafield>
    <datafield tag="245" ind1=" " ind2=" ">
      <subfield code="a">Arqueología</subfield>
      <subfield code="b"> : sólo patagonia</subfield>
      <subfield code="c"> / Gómez Otero, Julieta, ed.</subfield>
    </datafield>
    <datafield tag="260" ind1=" " ind2=" ">
      <subfield code="a">Puerto Madryn</subfield>
      <subfield code="b"> : Centro Nacional Patagonico, Consejo Nacional de Investigaciones Científicas y Técnicas</subfield>
      <subfield code="c"> , 1996</subfield>
    </datafield>
    <datafield tag="500" ind1=" " ind2=" ">
      <subfield code="a">Ponencias de las II Jornadas de Arqueología de la Patagonia</subfield>
    </datafield>
    <datafield tag="650" ind1=" " ind2=" ">
      <subfield code="a"> ARQUEOLOGIA</subfield>
    </datafield>
    <datafield tag="650" ind1=" " ind2=" ">
      <subfield code="a"> REGION PATAGONICA</subfield>
    </datafield>
    <datafield tag="942" ind1=" " ind2=" ">
      <subfield code="c">BK</subfield>
    </datafield>
    <datafield tag="952" ind1=" " ind2=" ">
      <subfield code="a">BIB_RECT</subfield>
      <subfield code="b">BIB_UARG</subfield>
      <subfield code="d">2017-11-01</subfield>
      <subfield code="y">BK</subfield>
      <subfield code="p">05-49182</subfield>
      <subfield code="i">05-49182</subfield>
      <subfield code="g">380</subfield>
      <subfield code="o">902 J828a 2</subfield>
      <subfield code="e">Atienza, Alicia</subfield>
      <subfield code="8">CG</subfield>
    </datafield>
  </record>