
  <record>
    <leader>01000aam  22002601a 4500</leader>
    <controlfield tag="001">YPZ100845</controlfield>
    <controlfield tag="003">YPZ</controlfield>
    <controlfield tag="005">201711020824450</controlfield>
    <controlfield tag="008">171102|###########||||||b||||||||||spa|d</controlfield>
    <datafield tag="020" ind1=" " ind2=" ">
      <subfield code="a">9789870288336</subfield>
    </datafield>
    <datafield tag="040" ind1=" " ind2=" ">
      <subfield code="c">SIUNPA</subfield>
    </datafield>
    <datafield tag="041" ind1=" " ind2=" ">
      <subfield code="a">spa</subfield>
    </datafield>
    <datafield tag="044" ind1=" " ind2=" ">
      <subfield code="a">AR</subfield>
    </datafield>
    <datafield tag="080" ind1=" " ind2=" ">
      <subfield code="a">364.277 R594c</subfield>
    </datafield>
    <datafield tag="100" ind1=" " ind2=" ">
      <subfield code="a">Riquelme, Milton Waldemar.</subfield>
    </datafield>
    <datafield tag="245" ind1=" " ind2=" ">
      <subfield code="a">Consideraciones sobre el suicidio en Patagonia Sur</subfield>
      <subfield code="b"> : el caso particular de Las Heras</subfield>
    </datafield>
    <datafield tag="260" ind1=" " ind2=" ">
      <subfield code="a">Buenos Aires</subfield>
      <subfield code="b"> : Dunken</subfield>
      <subfield code="c"> , 2016</subfield>
    </datafield>
    <datafield tag="650" ind1=" " ind2=" ">
      <subfield code="a"> SUICIDIO</subfield>
    </datafield>
    <datafield tag="650" ind1=" " ind2=" ">
      <subfield code="a"> LAS HERAS (SANTA CRUZ)</subfield>
    </datafield>
    <datafield tag="942" ind1=" " ind2=" ">
      <subfield code="c">BK</subfield>
    </datafield>
    <datafield tag="952" ind1=" " ind2=" ">
      <subfield code="a">BIB_RECT</subfield>
      <subfield code="b">BIB_UACO</subfield>
      <subfield code="d">2017-11-15</subfield>
      <subfield code="y">BK</subfield>
      <subfield code="p">02-49264</subfield>
      <subfield code="i">02-49264</subfield>
      <subfield code="g">340</subfield>
      <subfield code="o">364.277 R594c</subfield>
      <subfield code="e">Compra UACO</subfield>
      <subfield code="8">CG</subfield>
    </datafield>
    <datafield tag="952" ind1=" " ind2=" ">
      <subfield code="a">BIB_RECT</subfield>
      <subfield code="b">BIB_UACO</subfield>
      <subfield code="d">2017-11-15</subfield>
      <subfield code="y">BK</subfield>
      <subfield code="p">02-49265</subfield>
      <subfield code="i">02-49265</subfield>
      <subfield code="g">340</subfield>
      <subfield code="o">364.277 R594c</subfield>
      <subfield code="e">Compra UACO</subfield>
      <subfield code="8">CG</subfield>
    </datafield>
    <datafield tag="952" ind1=" " ind2=" ">
      <subfield code="a">BIB_RECT</subfield>
      <subfield code="b">BIB_UACO</subfield>
      <subfield code="d">2017-11-15</subfield>
      <subfield code="y">BK</subfield>
      <subfield code="p">02-49266</subfield>
      <subfield code="i">02-49266</subfield>
      <subfield code="g">340</subfield>
      <subfield code="o">364.277 R594c</subfield>
      <subfield code="e">Compra UACO</subfield>
      <subfield code="8">CG</subfield>
    </datafield>
    <datafield tag="952" ind1=" " ind2=" ">
      <subfield code="a">BIB_RECT</subfield>
      <subfield code="b">BIB_UACO</subfield>
      <subfield code="d">2017-11-15</subfield>
      <subfield code="y">BK</subfield>
      <subfield code="p">02-49267</subfield>
      <subfield code="i">02-49267</subfield>
      <subfield code="g">340</subfield>
      <subfield code="o">364.277 R594c</subfield>
      <subfield code="e">Compra UACO</subfield>
      <subfield code="8">CG</subfield>
    </datafield>
    <datafield tag="952" ind1=" " ind2=" ">
      <subfield code="a">BIB_RECT</subfield>
      <subfield code="b">BIB_UACO</subfield>
      <subfield code="d">2017-11-15</subfield>
      <subfield code="y">BK</subfield>
      <subfield code="p">02-49268</subfield>
      <subfield code="i">02-49268</subfield>
      <subfield code="g">340</subfield>
      <subfield code="o">364.277 R594c</subfield>
      <subfield code="e">Compra UACO</subfield>
      <subfield code="8">CG</subfield>
    </datafield>
    <datafield tag="952" ind1=" " ind2=" ">
      <subfield code="a">BIB_RECT</subfield>
      <subfield code="b">BIB_UACO</subfield>
      <subfield code="d">2017-11-15</subfield>
      <subfield code="y">BK</subfield>
      <subfield code="p">02-49269</subfield>
      <subfield code="i">02-49269</subfield>
      <subfield code="g">340</subfield>
      <subfield code="o">364.277 R594c</subfield>
      <subfield code="e">Compra UACO</subfield>
      <subfield code="8">CG</subfield>
    </datafield>
    <datafield tag="952" ind1=" " ind2=" ">
      <subfield code="a">BIB_RECT</subfield>
      <subfield code="b">BIB_UACO</subfield>
      <subfield code="d">2017-11-15</subfield>
      <subfield code="y">BK</subfield>
      <subfield code="p">02-49270</subfield>
      <subfield code="i">02-49270</subfield>
      <subfield code="g">340</subfield>
      <subfield code="o">364.277 R594c</subfield>
      <subfield code="e">Compra UACO</subfield>
      <subfield code="8">CG</subfield>
    </datafield>
    <datafield tag="952" ind1=" " ind2=" ">
      <subfield code="a">BIB_RECT</subfield>
      <subfield code="b">BIB_UACO</subfield>
      <subfield code="d">2017-11-15</subfield>
      <subfield code="y">BK</subfield>
      <subfield code="p">02-49271</subfield>
      <subfield code="i">02-49271</subfield>
      <subfield code="g">340</subfield>
      <subfield code="o">364.277 R594c</subfield>
      <subfield code="e">Compra UACO</subfield>
      <subfield code="8">CG</subfield>
    </datafield>
    <datafield tag="952" ind1=" " ind2=" ">
      <subfield code="a">BIB_RECT</subfield>
      <subfield code="b">BIB_UASJ</subfield>
      <subfield code="d">2017-10-31</subfield>
      <subfield code="y">BK</subfield>
      <subfield code="p">04-49170</subfield>
      <subfield code="i">04-49170</subfield>
      <subfield code="g">340</subfield>
      <subfield code="o">364.277 R594c</subfield>
      <subfield code="e">Donación</subfield>
      <subfield code="8">CG</subfield>
    </datafield>
  </record>