
  <record>
    <leader>01000aam  22002601a 4500</leader>
    <controlfield tag="001">YPZ100875</controlfield>
    <controlfield tag="003">YPZ</controlfield>
    <controlfield tag="005">201711071022230</controlfield>
    <controlfield tag="008">171107|###########||||||b||||||||||spa|d</controlfield>
    <datafield tag="020" ind1=" " ind2=" ">
      <subfield code="a">9290570288</subfield>
    </datafield>
    <datafield tag="020" ind1=" " ind2=" ">
      <subfield code="a">9507010998</subfield>
    </datafield>
    <datafield tag="040" ind1=" " ind2=" ">
      <subfield code="c">SIUNPA</subfield>
    </datafield>
    <datafield tag="041" ind1=" " ind2=" ">
      <subfield code="a">spa</subfield>
    </datafield>
    <datafield tag="044" ind1=" " ind2=" ">
      <subfield code="a">CO</subfield>
      <subfield code="a">AR</subfield>
    </datafield>
    <datafield tag="080" ind1=" " ind2=" ">
      <subfield code="a">316.77 S219l</subfield>
    </datafield>
    <datafield tag="100" ind1=" " ind2=" ">
      <subfield code="a">Sandroni, Laura Constancia.</subfield>
    </datafield>
    <datafield tag="245" ind1=" " ind2=" ">
      <subfield code="a">Lectura y medios de comunicación de masas</subfield>
      <subfield code="c"> / Delgado, Francisco, ed. ; Tornadú, Beatriz, ed.</subfield>
    </datafield>
    <datafield tag="260" ind1=" " ind2=" ">
      <subfield code="a">Bogotá</subfield>
      <subfield code="a">Buenos Aires</subfield>
      <subfield code="b"> : Centro Regional Para el Fomento del Libro en América Latina y El Caribe, CERLALC</subfield>
      <subfield code="b"> : AIQUE</subfield>
      <subfield code="b"> : Instituto Colombiano de Cultura, COLCULTURA</subfield>
      <subfield code="c"> , 1992</subfield>
    </datafield>
    <datafield tag="440" ind1=" " ind2=" ">
      <subfield code="a">Coedicion latinoamericana de libros para la promoción de la lectura</subfield>
      <subfield code="v">no. 3</subfield>
    </datafield>
    <datafield tag="490" ind1=" " ind2=" ">
      <subfield code="a">Coedicion latinoamericana de libros para la promoción de la lectura</subfield>
      <subfield code="v">no. 3</subfield>
    </datafield>
    <datafield tag="650" ind1=" " ind2=" ">
      <subfield code="a"> LECTURA</subfield>
    </datafield>
    <datafield tag="650" ind1=" " ind2=" ">
      <subfield code="a"> MEDIOS DE COMUNICACION</subfield>
    </datafield>
    <datafield tag="942" ind1=" " ind2=" ">
      <subfield code="c">BK</subfield>
    </datafield>
    <datafield tag="952" ind1=" " ind2=" ">
      <subfield code="a">BIB_RECT</subfield>
      <subfield code="b">BIB_UACO</subfield>
      <subfield code="d">2017-11-07</subfield>
      <subfield code="y">BK</subfield>
      <subfield code="p">02-49197</subfield>
      <subfield code="i">02-49197</subfield>
      <subfield code="g">140</subfield>
      <subfield code="o">316.77 S219l</subfield>
      <subfield code="e">Donación</subfield>
      <subfield code="8">CG</subfield>
    </datafield>
  </record>