
  <record>
    <leader>01000aam  22002601a 4500</leader>
    <controlfield tag="001">YPZ100876</controlfield>
    <controlfield tag="003">YPZ</controlfield>
    <controlfield tag="005">201711071036510</controlfield>
    <controlfield tag="008">171107|###########||||||b||||||||||spa|d</controlfield>
    <datafield tag="020" ind1=" " ind2=" ">
      <subfield code="a">9500103206</subfield>
    </datafield>
    <datafield tag="040" ind1=" " ind2=" ">
      <subfield code="c">SIUNPA</subfield>
    </datafield>
    <datafield tag="041" ind1=" " ind2=" ">
      <subfield code="a">spa</subfield>
    </datafield>
    <datafield tag="044" ind1=" " ind2=" ">
      <subfield code="a">AR</subfield>
    </datafield>
    <datafield tag="080" ind1=" " ind2=" ">
      <subfield code="a">371.38 G643t</subfield>
    </datafield>
    <datafield tag="100" ind1=" " ind2=" ">
      <subfield code="a">González Cuberes, María Teresa.</subfield>
    </datafield>
    <datafield tag="245" ind1=" " ind2=" ">
      <subfield code="a">El taller de los talleres</subfield>
      <subfield code="b"> : aportes al desarrollo de talleres educativos</subfield>
    </datafield>
    <datafield tag="260" ind1=" " ind2=" ">
      <subfield code="a">Buenos Aires</subfield>
      <subfield code="b"> : Estrada</subfield>
      <subfield code="c"> , c1994</subfield>
    </datafield>
    <datafield tag="500" ind1=" " ind2=" ">
      <subfield code="a">El año de reimpresión varía según el ejemplar</subfield>
    </datafield>
    <datafield tag="650" ind1=" " ind2=" ">
      <subfield code="a"> TALLERES (METODO PEDAGOGICO)</subfield>
    </datafield>
    <datafield tag="650" ind1=" " ind2=" ">
      <subfield code="a"> METODOS DE ENSEÑANZA</subfield>
    </datafield>
    <datafield tag="650" ind1=" " ind2=" ">
      <subfield code="a"> TALLERES ESCOLARES</subfield>
    </datafield>
    <datafield tag="650" ind1=" " ind2=" ">
      <subfield code="a"> DESARROLLO DE LA CREATIVIDAD</subfield>
    </datafield>
    <datafield tag="650" ind1=" " ind2=" ">
      <subfield code="a"> ACTIVIDADES DE APRENDIZAJE</subfield>
    </datafield>
    <datafield tag="942" ind1=" " ind2=" ">
      <subfield code="c">BK</subfield>
    </datafield>
    <datafield tag="952" ind1=" " ind2=" ">
      <subfield code="a">BIB_RECT</subfield>
      <subfield code="b">BIB_UACO</subfield>
      <subfield code="d">2017-11-01</subfield>
      <subfield code="y">BK</subfield>
      <subfield code="p">02-49219</subfield>
      <subfield code="i">02-49219</subfield>
      <subfield code="g">150</subfield>
      <subfield code="o">371.38 G643t</subfield>
      <subfield code="e">Donación</subfield>
      <subfield code="8">CG</subfield>
    </datafield>
    <datafield tag="952" ind1=" " ind2=" ">
      <subfield code="a">BIB_RECT</subfield>
      <subfield code="b">BIB_UART</subfield>
      <subfield code="d">2017-11-01</subfield>
      <subfield code="y">BK</subfield>
      <subfield code="p">03-00011</subfield>
      <subfield code="i">03-00011</subfield>
      <subfield code="g">150</subfield>
      <subfield code="o">371.38 G643t</subfield>
      <subfield code="e">Migración UART</subfield>
      <subfield code="8">CG</subfield>
    </datafield>
    <datafield tag="952" ind1=" " ind2=" ">
      <subfield code="a">BIB_RECT</subfield>
      <subfield code="b">BIB_UARG</subfield>
      <subfield code="d">2017-11-01</subfield>
      <subfield code="y">BK</subfield>
      <subfield code="p">05-09277</subfield>
      <subfield code="i">05-09277</subfield>
      <subfield code="g">150</subfield>
      <subfield code="o">371.38 G643t</subfield>
      <subfield code="e">SUB. NAC./94</subfield>
      <subfield code="8">CG</subfield>
    </datafield>
  </record>