
  <record>
    <leader>01000aam  22002601a 4500</leader>
    <controlfield tag="001">YPZ100884</controlfield>
    <controlfield tag="003">YPZ</controlfield>
    <controlfield tag="005">201711080951140</controlfield>
    <controlfield tag="008">171108|###########||||||b||||||||||spa|d</controlfield>
    <datafield tag="040" ind1=" " ind2=" ">
      <subfield code="c">SIUNPA</subfield>
    </datafield>
    <datafield tag="041" ind1=" " ind2=" ">
      <subfield code="a">spa</subfield>
    </datafield>
    <datafield tag="044" ind1=" " ind2=" ">
      <subfield code="a">AR</subfield>
    </datafield>
    <datafield tag="080" ind1=" " ind2=" ">
      <subfield code="a">517.2 S126e10</subfield>
    </datafield>
    <datafield tag="100" ind1=" " ind2=" ">
      <subfield code="a">Sadosky, Manuel.</subfield>
    </datafield>
    <datafield tag="700" ind1=" " ind2=" ">
      <subfield code="a">Guber, Rebeca Ch. de.</subfield>
    </datafield>
    <datafield tag="245" ind1=" " ind2=" ">
      <subfield code="a">Elementos de cálculo diferencial e integral</subfield>
    </datafield>
    <datafield tag="250" ind1=" " ind2=" ">
      <subfield code="a">10a ed., corr. y aum.</subfield>
    </datafield>
    <datafield tag="260" ind1=" " ind2=" ">
      <subfield code="a">Buenos Aires</subfield>
      <subfield code="b"> : Alsina</subfield>
      <subfield code="c"> , 1973</subfield>
    </datafield>
    <datafield tag="300" ind1=" " ind2=" ">
      <subfield code="a">608 p. : </subfield>
      <subfield code="b">il. ; </subfield>
      <subfield code="a">198 p. : </subfield>
      <subfield code="a">xxiv, 77 p. : </subfield>
      <subfield code="a">182 p. : </subfield>
      <subfield code="a">242 p. : </subfield>
      <subfield code="a">129 p. : </subfield>
      <subfield code="b">il. ; </subfield>
      <subfield code="a">413 p. : </subfield>
      <subfield code="a">[56] h. : </subfield>
      <subfield code="b">il. ; </subfield>
      <subfield code="a">95 p. : </subfield>
      <subfield code="a">383 p. : </subfield>
      <subfield code="b">il. ; </subfield>
      <subfield code="a">xix, [764] p. en varias paginaciones : </subfield>
      <subfield code="b">il. ; </subfield>
      <subfield code="a">547 p. : </subfield>
      <subfield code="b">il. ; </subfield>
      <subfield code="a">69 p. : </subfield>
      <subfield code="b">il. ; </subfield>
      <subfield code="a">xiii, 969 p. : </subfield>
      <subfield code="b">il. ; </subfield>
      <subfield code="a">215 p. : </subfield>
      <subfield code="a">1 v. (hojas suelta) : </subfield>
      <subfield code="b">il. ; </subfield>
      <subfield code="a">297 p. : </subfield>
      <subfield code="b">il. ; </subfield>
      <subfield code="a">187 p. : </subfield>
      <subfield code="a">126 p. : </subfield>
      <subfield code="a">218 p. : </subfield>
      <subfield code="a">195 p. : </subfield>
      <subfield code="b">il. ; </subfield>
      <subfield code="a">197 p. : </subfield>
      <subfield code="a">163 p. : </subfield>
      <subfield code="b">il. ; </subfield>
      <subfield code="a">276 p. : </subfield>
      <subfield code="a">286 p. : </subfield>
      <subfield code="a">xvi, 480 p. : </subfield>
      <subfield code="b">il. ; </subfield>
      <subfield code="a">252 p. : </subfield>
      <subfield code="b">il. ; </subfield>
      <subfield code="a">169 p. : </subfield>
      <subfield code="a">238 p. : </subfield>
      <subfield code="b">il. ; </subfield>
      <subfield code="a">161 p. : </subfield>
      <subfield code="a">209 p. : </subfield>
      <subfield code="b">il. ; </subfield>
      <subfield code="a">161 p. : </subfield>
      <subfield code="a">t. : </subfield>
      <subfield code="a">182 p. : </subfield>
      <subfield code="a">227 p. : </subfield>
      <subfield code="b">il. ; </subfield>
      <subfield code="a">113 p. : </subfield>
      <subfield code="a">349 p. : </subfield>
      <subfield code="a">243 p. : </subfield>
      <subfield code="a">134 p. : </subfield>
      <subfield code="a">94 p. : </subfield>
      <subfield code="b">il. ; </subfield>
      <subfield code="a">336 p. : </subfield>
      <subfield code="a">465 p. : </subfield>
      <subfield code="a">341 p. : </subfield>
      <subfield code="b">il. ; </subfield>
      <subfield code="a">242 p. : </subfield>
      <subfield code="a">277 p. : </subfield>
      <subfield code="b">il. ; </subfield>
      <subfield code="a">230 p. : </subfield>
      <subfield code="a">135 p. : </subfield>
      <subfield code="b">il. ; </subfield>
      <subfield code="a">113 p. : </subfield>
      <subfield code="b">il. ; </subfield>
      <subfield code="a">260 p. : </subfield>
      <subfield code="a">v. : </subfield>
      <subfield code="b">il. ; </subfield>
      <subfield code="a">176 p. : </subfield>
      <subfield code="b">il. ; </subfield>
      <subfield code="a">187 p. : </subfield>
      <subfield code="b">il. ; </subfield>
      <subfield code="a">v. : </subfield>
      <subfield code="b">il. ; </subfield>
      <subfield code="e">Tablas y fórmulas matemáticas (64 p.)</subfield>
    </datafield>
    <datafield tag="500" ind1=" " ind2=" ">
      <subfield code="a">La biblioteca posee fasc. 1</subfield>
    </datafield>
    <datafield tag="650" ind1=" " ind2=" ">
      <subfield code="a"> CALCULO DIFERENCIAL</subfield>
    </datafield>
    <datafield tag="650" ind1=" " ind2=" ">
      <subfield code="a"> CALCULO INTEGRAL</subfield>
    </datafield>
    <datafield tag="942" ind1=" " ind2=" ">
      <subfield code="c">BK</subfield>
    </datafield>
    <datafield tag="952" ind1=" " ind2=" ">
      <subfield code="a">BIB_RECT</subfield>
      <subfield code="b">BIB_UACO</subfield>
      <subfield code="d">2017-11-01</subfield>
      <subfield code="y">BK</subfield>
      <subfield code="p">02-00581</subfield>
      <subfield code="i">02-00581</subfield>
      <subfield code="g">270</subfield>
      <subfield code="o">517.2 S126e10</subfield>
      <subfield code="e">Donación</subfield>
      <subfield code="8">CG</subfield>
    </datafield>
  </record>