
  <record>
    <leader>01000aam  22002601a 4500</leader>
    <controlfield tag="001">YPZ100903</controlfield>
    <controlfield tag="003">YPZ</controlfield>
    <controlfield tag="005">201711130850360</controlfield>
    <controlfield tag="008">171113|###########||||||b||||||||||spa|d</controlfield>
    <datafield tag="040" ind1=" " ind2=" ">
      <subfield code="c">SIUNPA</subfield>
    </datafield>
    <datafield tag="041" ind1=" " ind2=" ">
      <subfield code="a">spa</subfield>
    </datafield>
    <datafield tag="044" ind1=" " ind2=" ">
      <subfield code="a">AR</subfield>
    </datafield>
    <datafield tag="080" ind1=" " ind2=" ">
      <subfield code="a">615 T315t2</subfield>
    </datafield>
    <datafield tag="100" ind1=" " ind2=" ">
      <subfield code="a">Bandoni, Alfredo José.</subfield>
    </datafield>
    <datafield tag="700" ind1=" " ind2=" ">
      <subfield code="a">Cardini, César.</subfield>
    </datafield>
    <datafield tag="700" ind1=" " ind2=" ">
      <subfield code="a">Arrighi, Federico P..</subfield>
    </datafield>
    <datafield tag="700" ind1=" " ind2=" ">
      <subfield code="a">... [et al.].</subfield>
    </datafield>
    <datafield tag="245" ind1=" " ind2=" ">
      <subfield code="a">Terapéutica clínica</subfield>
    </datafield>
    <datafield tag="260" ind1=" " ind2=" ">
      <subfield code="a">Buenos Aires</subfield>
      <subfield code="b"> : El Ateneo</subfield>
      <subfield code="c"> , 1947, 1950</subfield>
    </datafield>
    <datafield tag="500" ind1=" " ind2=" ">
      <subfield code="a">La biblioteca posee: t. 1 (1ª pte.) - t. 2 (1ª pte.) - t. 3 (1ª pte.)</subfield>
    </datafield>
    <datafield tag="650" ind1=" " ind2=" ">
      <subfield code="a"> TERAPEUTICA</subfield>
    </datafield>
    <datafield tag="650" ind1=" " ind2=" ">
      <subfield code="a"> MEDICINA CLINICA</subfield>
    </datafield>
    <datafield tag="942" ind1=" " ind2=" ">
      <subfield code="c">BK</subfield>
    </datafield>
    <datafield tag="952" ind1=" " ind2=" ">
      <subfield code="a">BIB_RECT</subfield>
      <subfield code="b">BIB_UASJ</subfield>
      <subfield code="d">2017-11-06</subfield>
      <subfield code="y">BK</subfield>
      <subfield code="p">04-49246</subfield>
      <subfield code="i">04-49246</subfield>
      <subfield code="g">250</subfield>
      <subfield code="o">615 T315t2</subfield>
      <subfield code="e">UASJ</subfield>
      <subfield code="8">CG</subfield>
    </datafield>
    <datafield tag="952" ind1=" " ind2=" ">
      <subfield code="a">BIB_RECT</subfield>
      <subfield code="b">BIB_UASJ</subfield>
      <subfield code="d">2017-11-06</subfield>
      <subfield code="y">BK</subfield>
      <subfield code="p">04-49247</subfield>
      <subfield code="i">04-49247</subfield>
      <subfield code="g">250</subfield>
      <subfield code="o">615 T315t2</subfield>
      <subfield code="e">UASJ</subfield>
      <subfield code="8">CG</subfield>
    </datafield>
    <datafield tag="952" ind1=" " ind2=" ">
      <subfield code="a">BIB_RECT</subfield>
      <subfield code="b">BIB_UASJ</subfield>
      <subfield code="d">2017-11-06</subfield>
      <subfield code="y">BK</subfield>
      <subfield code="p">04-49248</subfield>
      <subfield code="i">04-49248</subfield>
      <subfield code="g">250</subfield>
      <subfield code="o">615 T315t2</subfield>
      <subfield code="e">UASJ</subfield>
      <subfield code="8">CG</subfield>
    </datafield>
  </record>