
  <record>
    <leader>01000aam  22002601a 4500</leader>
    <controlfield tag="001">YPZ100920</controlfield>
    <controlfield tag="003">YPZ</controlfield>
    <controlfield tag="005">201711140944300</controlfield>
    <controlfield tag="008">171114|###########||||||b||||||||||spa|d</controlfield>
    <datafield tag="020" ind1=" " ind2=" ">
      <subfield code="a">9686630007 (o.c.)</subfield>
    </datafield>
    <datafield tag="020" ind1=" " ind2=" ">
      <subfield code="a">9686630015 (v.1)</subfield>
    </datafield>
    <datafield tag="020" ind1=" " ind2=" ">
      <subfield code="a">9686630023 (v.2)</subfield>
    </datafield>
    <datafield tag="040" ind1=" " ind2=" ">
      <subfield code="c">SIUNPA</subfield>
    </datafield>
    <datafield tag="041" ind1=" " ind2=" ">
      <subfield code="a">spa</subfield>
    </datafield>
    <datafield tag="044" ind1=" " ind2=" ">
      <subfield code="a">MX</subfield>
      <subfield code="a">CO</subfield>
      <subfield code="a">US</subfield>
    </datafield>
    <datafield tag="080" ind1=" " ind2=" ">
      <subfield code="a">53 A454f</subfield>
    </datafield>
    <datafield tag="100" ind1=" " ind2=" ">
      <subfield code="a">Alonso, Marcelo.</subfield>
    </datafield>
    <datafield tag="700" ind1=" " ind2=" ">
      <subfield code="a">Finn, Edward J..</subfield>
    </datafield>
    <datafield tag="245" ind1=" " ind2=" ">
      <subfield code="a">Física</subfield>
      <subfield code="c"> / Heras, Carlos Alberto, versión en español ; Barreto Araujo, José A., versión en español ; Ballestero, Rómulo E., colab.</subfield>
    </datafield>
    <datafield tag="260" ind1=" " ind2=" ">
      <subfield code="a">México, D.F.</subfield>
      <subfield code="a">Bogotá</subfield>
      <subfield code="a">Massachusetts, Mass.</subfield>
      <subfield code="b"> : Fondo Educativo Interamericano</subfield>
      <subfield code="c"> , c1967</subfield>
    </datafield>
    <datafield tag="500" ind1=" " ind2=" ">
      <subfield code="a">El año de reimpresión varía según el ejemplar</subfield>
    </datafield>
    <datafield tag="500" ind1=" " ind2=" ">
      <subfield code="a">En cub. y port.: edición revisada y aumentada</subfield>
    </datafield>
    <datafield tag="650" ind1=" " ind2=" ">
      <subfield code="a"> FISICA</subfield>
    </datafield>
    <datafield tag="942" ind1=" " ind2=" ">
      <subfield code="c">BK</subfield>
    </datafield>
    <datafield tag="952" ind1=" " ind2=" ">
      <subfield code="a">BIB_RECT</subfield>
      <subfield code="b">BIB_UARG</subfield>
      <subfield code="d">2017-11-14</subfield>
      <subfield code="y">BK</subfield>
      <subfield code="p">05-03668</subfield>
      <subfield code="i">05-03668</subfield>
      <subfield code="g">270</subfield>
      <subfield code="o">53 A454f</subfield>
      <subfield code="e">Donación</subfield>
      <subfield code="8">CG</subfield>
    </datafield>
    <datafield tag="952" ind1=" " ind2=" ">
      <subfield code="a">BIB_RECT</subfield>
      <subfield code="b">BIB_UARG</subfield>
      <subfield code="d">2017-11-14</subfield>
      <subfield code="y">BK</subfield>
      <subfield code="p">05-03701</subfield>
      <subfield code="i">05-03701</subfield>
      <subfield code="g">270</subfield>
      <subfield code="o">53 A454f</subfield>
      <subfield code="e">Donación</subfield>
      <subfield code="8">CG</subfield>
    </datafield>
    <datafield tag="952" ind1=" " ind2=" ">
      <subfield code="a">BIB_RECT</subfield>
      <subfield code="b">BIB_UARG</subfield>
      <subfield code="d">2017-11-14</subfield>
      <subfield code="y">BK</subfield>
      <subfield code="p">05-03702</subfield>
      <subfield code="i">05-03702</subfield>
      <subfield code="g">270</subfield>
      <subfield code="o">53 A454f</subfield>
      <subfield code="e">Donación</subfield>
      <subfield code="8">CG</subfield>
    </datafield>
    <datafield tag="952" ind1=" " ind2=" ">
      <subfield code="a">BIB_RECT</subfield>
      <subfield code="b">BIB_UARG</subfield>
      <subfield code="d">2017-11-14</subfield>
      <subfield code="y">BK</subfield>
      <subfield code="p">05-03703</subfield>
      <subfield code="i">05-03703</subfield>
      <subfield code="g">270</subfield>
      <subfield code="o">53 A454f</subfield>
      <subfield code="e">Donación</subfield>
      <subfield code="8">CG</subfield>
    </datafield>
    <datafield tag="952" ind1=" " ind2=" ">
      <subfield code="a">BIB_RECT</subfield>
      <subfield code="b">BIB_UARG</subfield>
      <subfield code="d">2017-11-14</subfield>
      <subfield code="y">BK</subfield>
      <subfield code="p">05-06561</subfield>
      <subfield code="i">05-06561</subfield>
      <subfield code="g">270</subfield>
      <subfield code="o">53 A454f</subfield>
      <subfield code="e">CEIUSC</subfield>
      <subfield code="8">CG</subfield>
    </datafield>
  </record>