
  <record>
    <leader>01000aam  22002601a 4500</leader>
    <controlfield tag="001">YPZ100933</controlfield>
    <controlfield tag="003">YPZ</controlfield>
    <controlfield tag="005">201711150904370</controlfield>
    <controlfield tag="008">171115|###########||||||b||||||||||spa|d</controlfield>
    <datafield tag="020" ind1=" " ind2=" ">
      <subfield code="a">9879065514</subfield>
    </datafield>
    <datafield tag="040" ind1=" " ind2=" ">
      <subfield code="c">SIUNPA</subfield>
    </datafield>
    <datafield tag="041" ind1=" " ind2=" ">
      <subfield code="a">spa</subfield>
    </datafield>
    <datafield tag="044" ind1=" " ind2=" ">
      <subfield code="a">AR</subfield>
    </datafield>
    <datafield tag="080" ind1=" " ind2=" ">
      <subfield code="a">14 N677n</subfield>
    </datafield>
    <datafield tag="245" ind1=" " ind2=" ">
      <subfield code="a">Nietzsche y la ciencia modulaciones epistemológicas III</subfield>
      <subfield code="c"> / Ambrosini, Cristina, ed. ; Mombrú, Andrés, ed. ; Méndez, Pablo, ed.</subfield>
    </datafield>
    <datafield tag="260" ind1=" " ind2=" ">
      <subfield code="a">Lanús</subfield>
      <subfield code="b"> : UNLa</subfield>
      <subfield code="c"> , 2016</subfield>
    </datafield>
    <datafield tag="500" ind1=" " ind2=" ">
      <subfield code="a">En portada: Maestría en metodología de la investigación científica. Centro de investigaciones en teorías y prácticas  científicas</subfield>
    </datafield>
    <datafield tag="650" ind1=" " ind2=" ">
      <subfield code="a"> NIETZSCHE, FRIEDRICH (18441900)</subfield>
    </datafield>
    <datafield tag="650" ind1=" " ind2=" ">
      <subfield code="a"> TEORIAS FILOSOFICAS</subfield>
    </datafield>
    <datafield tag="650" ind1=" " ind2=" ">
      <subfield code="a"> EPISTEMOLOGIA</subfield>
    </datafield>
    <datafield tag="942" ind1=" " ind2=" ">
      <subfield code="c">BK</subfield>
    </datafield>
    <datafield tag="952" ind1=" " ind2=" ">
      <subfield code="a">BIB_RECT</subfield>
      <subfield code="b">BIB_UARG</subfield>
      <subfield code="d">2017-11-15</subfield>
      <subfield code="y">BK</subfield>
      <subfield code="p">05-49290</subfield>
      <subfield code="i">05-49290</subfield>
      <subfield code="g">260</subfield>
      <subfield code="o">14 N677n</subfield>
      <subfield code="e">UNLa</subfield>
      <subfield code="8">CG</subfield>
    </datafield>
  </record>