
  <record>
    <leader>01000aam  22002601a 4500</leader>
    <controlfield tag="001">YPZ100937</controlfield>
    <controlfield tag="003">YPZ</controlfield>
    <controlfield tag="005">201711151015220</controlfield>
    <controlfield tag="008">171115|###########||||||b||||||||||spa|d</controlfield>
    <datafield tag="020" ind1=" " ind2=" ">
      <subfield code="a">9509048033 (o.c.)</subfield>
    </datafield>
    <datafield tag="020" ind1=" " ind2=" ">
      <subfield code="a">9509048291 (t.1)</subfield>
    </datafield>
    <datafield tag="020" ind1=" " ind2=" ">
      <subfield code="a">9509048305 (t.2)</subfield>
    </datafield>
    <datafield tag="020" ind1=" " ind2=" ">
      <subfield code="a">9509048313 (t.3)</subfield>
    </datafield>
    <datafield tag="020" ind1=" " ind2=" ">
      <subfield code="a">9509048321 (t.4)</subfield>
    </datafield>
    <datafield tag="020" ind1=" " ind2=" ">
      <subfield code="a">950904833X (t.5)</subfield>
    </datafield>
    <datafield tag="020" ind1=" " ind2=" ">
      <subfield code="a">9509048364 (t.6)</subfield>
    </datafield>
    <datafield tag="020" ind1=" " ind2=" ">
      <subfield code="a">9509048372 (t.7)</subfield>
    </datafield>
    <datafield tag="020" ind1=" " ind2=" ">
      <subfield code="a">9509048380 (t.8)</subfield>
    </datafield>
    <datafield tag="020" ind1=" " ind2=" ">
      <subfield code="a">9509048043 (t.9)</subfield>
    </datafield>
    <datafield tag="020" ind1=" " ind2=" ">
      <subfield code="a">9509048051 (t.10)</subfield>
    </datafield>
    <datafield tag="020" ind1=" " ind2=" ">
      <subfield code="a">9509048410 (t.11)</subfield>
    </datafield>
    <datafield tag="020" ind1=" " ind2=" ">
      <subfield code="a">9509048429 (t.12)</subfield>
    </datafield>
    <datafield tag="020" ind1=" " ind2=" ">
      <subfield code="a">9509048421 (t.13)</subfield>
    </datafield>
    <datafield tag="040" ind1=" " ind2=" ">
      <subfield code="c">SIUNPA</subfield>
    </datafield>
    <datafield tag="041" ind1=" " ind2=" ">
      <subfield code="a">spa</subfield>
    </datafield>
    <datafield tag="044" ind1=" " ind2=" ">
      <subfield code="a">AR</subfield>
    </datafield>
    <datafield tag="080" ind1=" " ind2=" ">
      <subfield code="a">94(82) R788h</subfield>
    </datafield>
    <datafield tag="100" ind1=" " ind2=" ">
      <subfield code="a">Rosa, José María.</subfield>
    </datafield>
    <datafield tag="245" ind1=" " ind2=" ">
      <subfield code="a">Historia Argentina</subfield>
    </datafield>
    <datafield tag="260" ind1=" " ind2=" ">
      <subfield code="a">Buenos Aires</subfield>
      <subfield code="b"> : Oriente</subfield>
      <subfield code="c"> , 1981-1983</subfield>
    </datafield>
    <datafield tag="500" ind1=" " ind2=" ">
      <subfield code="a">Otro título: Homenaje a José María Rosa precede a Historia Argentina</subfield>
    </datafield>
    <datafield tag="650" ind1=" " ind2=" ">
      <subfield code="a"> HISTORIA ARGENTINA</subfield>
    </datafield>
    <datafield tag="942" ind1=" " ind2=" ">
      <subfield code="c">BK</subfield>
    </datafield>
    <datafield tag="952" ind1=" " ind2=" ">
      <subfield code="a">BIB_RECT</subfield>
      <subfield code="b">BIB_UARG</subfield>
      <subfield code="d">2017-11-07</subfield>
      <subfield code="y">BK</subfield>
      <subfield code="p">05-49272</subfield>
      <subfield code="i">05-49272</subfield>
      <subfield code="g">450</subfield>
      <subfield code="o">94(82) R788h</subfield>
      <subfield code="e">Donación Leiva, María Magdalena</subfield>
      <subfield code="8">CG</subfield>
    </datafield>
    <datafield tag="952" ind1=" " ind2=" ">
      <subfield code="a">BIB_RECT</subfield>
      <subfield code="b">BIB_UARG</subfield>
      <subfield code="d">2017-11-07</subfield>
      <subfield code="y">BK</subfield>
      <subfield code="p">05-49273</subfield>
      <subfield code="i">05-49273</subfield>
      <subfield code="g">450</subfield>
      <subfield code="o">94(82) R788h</subfield>
      <subfield code="e">Donación Leiva, María Magdalena</subfield>
      <subfield code="8">CG</subfield>
    </datafield>
    <datafield tag="952" ind1=" " ind2=" ">
      <subfield code="a">BIB_RECT</subfield>
      <subfield code="b">BIB_UARG</subfield>
      <subfield code="d">2017-11-07</subfield>
      <subfield code="y">BK</subfield>
      <subfield code="p">05-49274</subfield>
      <subfield code="i">05-49274</subfield>
      <subfield code="g">450</subfield>
      <subfield code="o">94(82) R788h</subfield>
      <subfield code="e">Donación Leiva, María Magdalena</subfield>
      <subfield code="8">CG</subfield>
    </datafield>
    <datafield tag="952" ind1=" " ind2=" ">
      <subfield code="a">BIB_RECT</subfield>
      <subfield code="b">BIB_UARG</subfield>
      <subfield code="d">2017-11-07</subfield>
      <subfield code="y">BK</subfield>
      <subfield code="p">05-49275</subfield>
      <subfield code="i">05-49275</subfield>
      <subfield code="g">450</subfield>
      <subfield code="o">94(82) R788h</subfield>
      <subfield code="e">Donación Leiva, María Magdalena</subfield>
      <subfield code="8">CG</subfield>
    </datafield>
    <datafield tag="952" ind1=" " ind2=" ">
      <subfield code="a">BIB_RECT</subfield>
      <subfield code="b">BIB_UARG</subfield>
      <subfield code="d">2017-11-07</subfield>
      <subfield code="y">BK</subfield>
      <subfield code="p">05-49276</subfield>
      <subfield code="i">05-49276</subfield>
      <subfield code="g">450</subfield>
      <subfield code="o">94(82) R788h</subfield>
      <subfield code="e">Donación Leiva, María Magdalena</subfield>
      <subfield code="8">CG</subfield>
    </datafield>
    <datafield tag="952" ind1=" " ind2=" ">
      <subfield code="a">BIB_RECT</subfield>
      <subfield code="b">BIB_UARG</subfield>
      <subfield code="d">2017-11-07</subfield>
      <subfield code="y">BK</subfield>
      <subfield code="p">05-49277</subfield>
      <subfield code="i">05-49277</subfield>
      <subfield code="g">450</subfield>
      <subfield code="o">94(82) R788h</subfield>
      <subfield code="e">Donación Leiva, María Magdalena</subfield>
      <subfield code="8">CG</subfield>
    </datafield>
    <datafield tag="952" ind1=" " ind2=" ">
      <subfield code="a">BIB_RECT</subfield>
      <subfield code="b">BIB_UARG</subfield>
      <subfield code="d">2017-11-07</subfield>
      <subfield code="y">BK</subfield>
      <subfield code="p">05-49278</subfield>
      <subfield code="i">05-49278</subfield>
      <subfield code="g">450</subfield>
      <subfield code="o">94(82) R788h</subfield>
      <subfield code="e">Donación Leiva, María Magdalena</subfield>
      <subfield code="8">CG</subfield>
    </datafield>
    <datafield tag="952" ind1=" " ind2=" ">
      <subfield code="a">BIB_RECT</subfield>
      <subfield code="b">BIB_UARG</subfield>
      <subfield code="d">2017-11-07</subfield>
      <subfield code="y">BK</subfield>
      <subfield code="p">05-49279</subfield>
      <subfield code="i">05-49279</subfield>
      <subfield code="g">450</subfield>
      <subfield code="o">94(82) R788h</subfield>
      <subfield code="e">Donación Leiva, María Magdalena</subfield>
      <subfield code="8">CG</subfield>
    </datafield>
    <datafield tag="952" ind1=" " ind2=" ">
      <subfield code="a">BIB_RECT</subfield>
      <subfield code="b">BIB_UARG</subfield>
      <subfield code="d">2017-11-07</subfield>
      <subfield code="y">BK</subfield>
      <subfield code="p">05-49280</subfield>
      <subfield code="i">05-49280</subfield>
      <subfield code="g">450</subfield>
      <subfield code="o">94(82) R788h</subfield>
      <subfield code="e">Donación Leiva, María Magdalena</subfield>
      <subfield code="8">CG</subfield>
    </datafield>
    <datafield tag="952" ind1=" " ind2=" ">
      <subfield code="a">BIB_RECT</subfield>
      <subfield code="b">BIB_UARG</subfield>
      <subfield code="d">2017-11-07</subfield>
      <subfield code="y">BK</subfield>
      <subfield code="p">05-49281</subfield>
      <subfield code="i">05-49281</subfield>
      <subfield code="g">450</subfield>
      <subfield code="o">94(82) R788h</subfield>
      <subfield code="e">Donación Leiva, María Magdalena</subfield>
      <subfield code="8">CG</subfield>
    </datafield>
    <datafield tag="952" ind1=" " ind2=" ">
      <subfield code="a">BIB_RECT</subfield>
      <subfield code="b">BIB_UARG</subfield>
      <subfield code="d">2017-11-07</subfield>
      <subfield code="y">BK</subfield>
      <subfield code="p">05-49282</subfield>
      <subfield code="i">05-49282</subfield>
      <subfield code="g">450</subfield>
      <subfield code="o">94(82) R788h</subfield>
      <subfield code="e">Donación Leiva, María Magdalena</subfield>
      <subfield code="8">CG</subfield>
    </datafield>
    <datafield tag="952" ind1=" " ind2=" ">
      <subfield code="a">BIB_RECT</subfield>
      <subfield code="b">BIB_UARG</subfield>
      <subfield code="d">2017-11-07</subfield>
      <subfield code="y">BK</subfield>
      <subfield code="p">05-49283</subfield>
      <subfield code="i">05-49283</subfield>
      <subfield code="g">450</subfield>
      <subfield code="o">94(82) R788h</subfield>
      <subfield code="e">Donación Leiva, María Magdalena</subfield>
      <subfield code="8">CG</subfield>
    </datafield>
    <datafield tag="952" ind1=" " ind2=" ">
      <subfield code="a">BIB_RECT</subfield>
      <subfield code="b">BIB_UARG</subfield>
      <subfield code="d">2017-11-07</subfield>
      <subfield code="y">BK</subfield>
      <subfield code="p">05-49284</subfield>
      <subfield code="i">05-49284</subfield>
      <subfield code="g">450</subfield>
      <subfield code="o">94(82) R788h</subfield>
      <subfield code="e">Donación Leiva, María Magdalena</subfield>
      <subfield code="8">CG</subfield>
    </datafield>
  </record>