
  <record>
    <leader>01000aam  22002601a 4500</leader>
    <controlfield tag="001">YPZ100938</controlfield>
    <controlfield tag="003">YPZ</controlfield>
    <controlfield tag="005">201711151128120</controlfield>
    <controlfield tag="008">171115|###########||||||b||||||||||spa|d</controlfield>
    <datafield tag="020" ind1=" " ind2=" ">
      <subfield code="a">9508100265 (o.c.)</subfield>
    </datafield>
    <datafield tag="020" ind1=" " ind2=" ">
      <subfield code="a">9878100222 (t.14)</subfield>
    </datafield>
    <datafield tag="020" ind1=" " ind2=" ">
      <subfield code="a">9878100230 (t.15)</subfield>
    </datafield>
    <datafield tag="020" ind1=" " ind2=" ">
      <subfield code="a">9878100249 (t.16)</subfield>
    </datafield>
    <datafield tag="020" ind1=" " ind2=" ">
      <subfield code="a">9878100257 (t.17)</subfield>
    </datafield>
    <datafield tag="040" ind1=" " ind2=" ">
      <subfield code="c">SIUNPA</subfield>
    </datafield>
    <datafield tag="041" ind1=" " ind2=" ">
      <subfield code="a">spa</subfield>
    </datafield>
    <datafield tag="044" ind1=" " ind2=" ">
      <subfield code="a">AR</subfield>
    </datafield>
    <datafield tag="080" ind1=" " ind2=" ">
      <subfield code="a">94(82) H673hist</subfield>
    </datafield>
    <datafield tag="100" ind1=" " ind2=" ">
      <subfield code="a">Chavez, Fermín.</subfield>
    </datafield>
    <datafield tag="700" ind1=" " ind2=" ">
      <subfield code="a">Cantoni, Juan C..</subfield>
    </datafield>
    <datafield tag="700" ind1=" " ind2=" ">
      <subfield code="a">Manson, Enrique.</subfield>
    </datafield>
    <datafield tag="700" ind1=" " ind2=" ">
      <subfield code="a">Sulé, Jorge Oscar.</subfield>
    </datafield>
    <datafield tag="245" ind1=" " ind2=" ">
      <subfield code="a">Historia Argentina</subfield>
      <subfield code="c"> / Vilches, Roberto, colab. ; González, Lorenzo, colab. ; Kuntz, Cristina, corr. y armado</subfield>
    </datafield>
    <datafield tag="260" ind1=" " ind2=" ">
      <subfield code="a">Buenos Aires</subfield>
      <subfield code="b"> : Oriente</subfield>
      <subfield code="c"> , 1993</subfield>
    </datafield>
    <datafield tag="500" ind1=" " ind2=" ">
      <subfield code="a">Otro título: Homenaje a José María Rosa precede a Historia Argentina</subfield>
    </datafield>
    <datafield tag="650" ind1=" " ind2=" ">
      <subfield code="a"> HISTORIA ARGENTINA</subfield>
    </datafield>
    <datafield tag="942" ind1=" " ind2=" ">
      <subfield code="c">BK</subfield>
    </datafield>
    <datafield tag="952" ind1=" " ind2=" ">
      <subfield code="a">BIB_RECT</subfield>
      <subfield code="b">BIB_UARG</subfield>
      <subfield code="d">2017-11-07</subfield>
      <subfield code="y">BK</subfield>
      <subfield code="p">05-49285</subfield>
      <subfield code="i">05-49285</subfield>
      <subfield code="g">450</subfield>
      <subfield code="o">94(82) H673hist</subfield>
      <subfield code="e">Donación Leiva, María Magdalena</subfield>
      <subfield code="8">CG</subfield>
    </datafield>
    <datafield tag="952" ind1=" " ind2=" ">
      <subfield code="a">BIB_RECT</subfield>
      <subfield code="b">BIB_UARG</subfield>
      <subfield code="d">2017-11-07</subfield>
      <subfield code="y">BK</subfield>
      <subfield code="p">05-49286</subfield>
      <subfield code="i">05-49286</subfield>
      <subfield code="g">450</subfield>
      <subfield code="o">94(82) H673hist</subfield>
      <subfield code="e">Donación Leiva, María Magdalena</subfield>
      <subfield code="8">CG</subfield>
    </datafield>
    <datafield tag="952" ind1=" " ind2=" ">
      <subfield code="a">BIB_RECT</subfield>
      <subfield code="b">BIB_UARG</subfield>
      <subfield code="d">2017-11-07</subfield>
      <subfield code="y">BK</subfield>
      <subfield code="p">05-49287</subfield>
      <subfield code="i">05-49287</subfield>
      <subfield code="g">450</subfield>
      <subfield code="o">94(82) H673hist</subfield>
      <subfield code="e">Donación Leiva, María Magdalena</subfield>
      <subfield code="8">CG</subfield>
    </datafield>
    <datafield tag="952" ind1=" " ind2=" ">
      <subfield code="a">BIB_RECT</subfield>
      <subfield code="b">BIB_UARG</subfield>
      <subfield code="d">2017-11-07</subfield>
      <subfield code="y">BK</subfield>
      <subfield code="p">05-49288</subfield>
      <subfield code="i">05-49288</subfield>
      <subfield code="g">450</subfield>
      <subfield code="o">94(82) H673hist</subfield>
      <subfield code="e">Donación Leiva, María Magdalena</subfield>
      <subfield code="8">CG</subfield>
    </datafield>
  </record>