
  <record>
    <leader>01000aam  22002601a 4500</leader>
    <controlfield tag="001">YPZ100976</controlfield>
    <controlfield tag="003">YPZ</controlfield>
    <controlfield tag="005">201711221316500</controlfield>
    <controlfield tag="008">171122|###########||||||b||||||||||spa|d</controlfield>
    <datafield tag="020" ind1=" " ind2=" ">
      <subfield code="a">9781634620093</subfield>
    </datafield>
    <datafield tag="040" ind1=" " ind2=" ">
      <subfield code="c">SIUNPA</subfield>
    </datafield>
    <datafield tag="041" ind1=" " ind2=" ">
      <subfield code="a">spa</subfield>
    </datafield>
    <datafield tag="044" ind1=" " ind2=" ">
      <subfield code="a">US</subfield>
    </datafield>
    <datafield tag="080" ind1=" " ind2=" ">
      <subfield code="a">004.6 G943g</subfield>
    </datafield>
    <datafield tag="245" ind1=" " ind2=" ">
      <subfield code="a">La guía DAMA de los fundamentos para la gestión de datos</subfield>
      <subfield code="b"> : (guía DAMA-DMBOK)</subfield>
      <subfield code="c"> / Mosley, Mark, ed. ; Brackett, Michael, ed. ; Early, Susan, asistente de ed. ; Henderson, Deborah, patrocinador del proyector</subfield>
    </datafield>
    <datafield tag="250" ind1=" " ind2=" ">
      <subfield code="a">1a ed.</subfield>
    </datafield>
    <datafield tag="260" ind1=" " ind2=" ">
      <subfield code="a">Bradley Beach, N.J.</subfield>
      <subfield code="b"> : DAMA Internacional</subfield>
      <subfield code="c"> , 2017</subfield>
    </datafield>
    <datafield tag="650" ind1=" " ind2=" ">
      <subfield code="a"> DATOS</subfield>
    </datafield>
    <datafield tag="650" ind1=" " ind2=" ">
      <subfield code="a"> GESTION DE BASE DE DATOS</subfield>
    </datafield>
    <datafield tag="650" ind1=" " ind2=" ">
      <subfield code="a"> DAMA</subfield>
    </datafield>
    <datafield tag="650" ind1=" " ind2=" ">
      <subfield code="a"> BASE DE DATOS</subfield>
    </datafield>
    <datafield tag="942" ind1=" " ind2=" ">
      <subfield code="c">BK</subfield>
    </datafield>
    <datafield tag="952" ind1=" " ind2=" ">
      <subfield code="a">BIB_RECT</subfield>
      <subfield code="b">BIB_UACO</subfield>
      <subfield code="d">2017-11-22</subfield>
      <subfield code="y">BK</subfield>
      <subfield code="p">02-49338</subfield>
      <subfield code="i">02-49338</subfield>
      <subfield code="g">1500</subfield>
      <subfield code="o">004.6 G943g</subfield>
      <subfield code="e">Compra SIUNPA/17</subfield>
      <subfield code="8">CG</subfield>
    </datafield>
    <datafield tag="952" ind1=" " ind2=" ">
      <subfield code="a">BIB_RECT</subfield>
      <subfield code="b">BIB_UACO</subfield>
      <subfield code="d">2017-11-22</subfield>
      <subfield code="y">BK</subfield>
      <subfield code="p">02-49339</subfield>
      <subfield code="i">02-49339</subfield>
      <subfield code="g">1500</subfield>
      <subfield code="o">004.6 G943g</subfield>
      <subfield code="e">Compra SIUNPA/17</subfield>
      <subfield code="8">CG</subfield>
    </datafield>
  </record>