
  <record>
    <leader>01000aam  22002601a 4500</leader>
    <controlfield tag="001">YPZ100989</controlfield>
    <controlfield tag="003">YPZ</controlfield>
    <controlfield tag="005">201711231141550</controlfield>
    <controlfield tag="008">171123|###########||||||b||||||||||spa|d</controlfield>
    <datafield tag="020" ind1=" " ind2=" ">
      <subfield code="a">9505373481</subfield>
    </datafield>
    <datafield tag="040" ind1=" " ind2=" ">
      <subfield code="c">SIUNPA</subfield>
    </datafield>
    <datafield tag="041" ind1=" " ind2=" ">
      <subfield code="a">spa</subfield>
    </datafield>
    <datafield tag="044" ind1=" " ind2=" ">
      <subfield code="a">AR</subfield>
    </datafield>
    <datafield tag="080" ind1=" " ind2=" ">
      <subfield code="a">657 F787a</subfield>
    </datafield>
    <datafield tag="100" ind1=" " ind2=" ">
      <subfield code="a">Fowler Newton, Enrique.</subfield>
    </datafield>
    <datafield tag="245" ind1=" " ind2=" ">
      <subfield code="a">Análisis de estados contables</subfield>
    </datafield>
    <datafield tag="250" ind1=" " ind2=" ">
      <subfield code="a">Ed. rev. y actualizada</subfield>
    </datafield>
    <datafield tag="260" ind1=" " ind2=" ">
      <subfield code="a">Buenos Aires</subfield>
      <subfield code="b"> : Macchi</subfield>
      <subfield code="c"> , 1996</subfield>
    </datafield>
    <datafield tag="300" ind1=" " ind2=" ">
      <subfield code="a">2 v. : </subfield>
      <subfield code="b">il. ; </subfield>
      <subfield code="a">v. : </subfield>
      <subfield code="b">il. ; </subfield>
      <subfield code="a">285 p. : </subfield>
      <subfield code="b">il. ; </subfield>
      <subfield code="a">502 p. : </subfield>
      <subfield code="b">il. ; </subfield>
      <subfield code="a">243 p. : </subfield>
      <subfield code="b">il. ; </subfield>
      <subfield code="a">213 p. : </subfield>
      <subfield code="b">il. ; </subfield>
      <subfield code="a">330 p. : </subfield>
      <subfield code="b">il. ; </subfield>
      <subfield code="a">411 p. : </subfield>
      <subfield code="b">il. ; </subfield>
      <subfield code="a">326 p. : </subfield>
      <subfield code="b">il. ; </subfield>
      <subfield code="a">310 p. : </subfield>
      <subfield code="b">il. ; </subfield>
      <subfield code="a">446 p. : </subfield>
      <subfield code="b">il. ; </subfield>
      <subfield code="a">xii, 304 p. : </subfield>
      <subfield code="b">il. ; </subfield>
      <subfield code="a">viii, 907 p. : </subfield>
      <subfield code="b">il. ; </subfield>
      <subfield code="a">xx, 999 p. : </subfield>
      <subfield code="b">il. ; </subfield>
      <subfield code="a">2 t. : </subfield>
      <subfield code="b">il. ; </subfield>
      <subfield code="a">t. : </subfield>
      <subfield code="a">xii, 692 p. : </subfield>
      <subfield code="b">il. ; </subfield>
      <subfield code="a">t. : </subfield>
      <subfield code="b">il. ; </subfield>
      <subfield code="a">201 p. : </subfield>
      <subfield code="a">t. : </subfield>
      <subfield code="b">il. ; </subfield>
      <subfield code="a">169 p. : </subfield>
      <subfield code="a">xiii, 733 p. : </subfield>
      <subfield code="b">il. ; </subfield>
      <subfield code="a">101 p. : </subfield>
      <subfield code="a">316 p. : </subfield>
      <subfield code="b">il. ; </subfield>
      <subfield code="a">287 p. : </subfield>
      <subfield code="b">il. ; </subfield>
      <subfield code="a">415 p. : </subfield>
      <subfield code="a">301 p. : </subfield>
      <subfield code="a">372 p. : </subfield>
      <subfield code="b">il. ; </subfield>
      <subfield code="a">xiv, 665 p. : </subfield>
      <subfield code="b">il. ; </subfield>
      <subfield code="a">3 v. : </subfield>
      <subfield code="b">il. ; </subfield>
      <subfield code="a">290 p. : </subfield>
      <subfield code="a">228 p. : </subfield>
      <subfield code="a">283 p. : </subfield>
      <subfield code="b">il. ; </subfield>
      <subfield code="a">275 p. : </subfield>
      <subfield code="a">211 p. : </subfield>
      <subfield code="a">185 p. : </subfield>
      <subfield code="a">220 p. : </subfield>
      <subfield code="a">221 p. : </subfield>
      <subfield code="b">il. ; </subfield>
      <subfield code="a">318 p. : </subfield>
      <subfield code="b">il. ; </subfield>
      <subfield code="a">439 p. : </subfield>
      <subfield code="a">2 v. : </subfield>
      <subfield code="a">13 t. : </subfield>
      <subfield code="a">4 t. : </subfield>
      <subfield code="a">699 p. : </subfield>
      <subfield code="b">il. ; </subfield>
      <subfield code="a">74 p., 13p. de láms. : </subfield>
      <subfield code="b">il. ; </subfield>
      <subfield code="a">111 p. : </subfield>
      <subfield code="b">il. ; </subfield>
      <subfield code="a">193 p. : </subfield>
      <subfield code="b">il. ; </subfield>
      <subfield code="a">534 p. : </subfield>
      <subfield code="b">il. ; </subfield>
      <subfield code="a">507 p. : </subfield>
      <subfield code="a">195 p. : </subfield>
      <subfield code="b">il. ; </subfield>
      <subfield code="a">231 p. : </subfield>
      <subfield code="a">xii, 248 p. : </subfield>
      <subfield code="b">il. ; </subfield>
      <subfield code="a">316 p. : </subfield>
      <subfield code="b">il. ; </subfield>
      <subfield code="a">t. : </subfield>
      <subfield code="a">xii, 372 p. : </subfield>
      <subfield code="b">il. ; </subfield>
      <subfield code="a">xii, 335 p. : </subfield>
      <subfield code="b">il. ; </subfield>
      <subfield code="a">441 p. : </subfield>
      <subfield code="b">il. ; </subfield>
      <subfield code="a">254 p. : </subfield>
      <subfield code="b">il. ; </subfield>
      <subfield code="a">4 t. : </subfield>
      <subfield code="b">il. ; </subfield>
      <subfield code="a">70 p. : </subfield>
      <subfield code="a">xii, 588 p. : </subfield>
      <subfield code="b">il. ; </subfield>
      <subfield code="a">80 p. : </subfield>
      <subfield code="a">92 p. : </subfield>
      <subfield code="b">il. ; </subfield>
      <subfield code="a">xiv, 174 p. : </subfield>
      <subfield code="a">135 p. : </subfield>
      <subfield code="a">il. : </subfield>
      <subfield code="a">339 p. : </subfield>
      <subfield code="b">il. ; </subfield>
      <subfield code="a">xxiv, 780 p. : </subfield>
      <subfield code="a">168 p. : </subfield>
      <subfield code="b">il. ; </subfield>
      <subfield code="a">2 t. : </subfield>
      <subfield code="b">il. ; </subfield>
      <subfield code="a">xvi, 216 p. : </subfield>
      <subfield code="a">342 p. : </subfield>
      <subfield code="a">398 p. : </subfield>
      <subfield code="a">725 p. : </subfield>
      <subfield code="a">xxiii, 1369 p. : </subfield>
      <subfield code="b">il. ; </subfield>
      <subfield code="a">xv, 533 p. : </subfield>
      <subfield code="b">il. ; </subfield>
      <subfield code="a">208 p. : </subfield>
      <subfield code="b">il. ; </subfield>
      <subfield code="a">277 p. : </subfield>
      <subfield code="a">xiv, 296 p. : </subfield>
      <subfield code="b">il. ; </subfield>
      <subfield code="a">xxiv, 469 p. : </subfield>
      <subfield code="b">il. ; </subfield>
      <subfield code="a">234 p. : </subfield>
      <subfield code="b">il. ; </subfield>
      <subfield code="a">288 p. : </subfield>
      <subfield code="b">il. ; </subfield>
      <subfield code="a">230 p. : </subfield>
      <subfield code="a">vii, 422 p. : </subfield>
      <subfield code="b">il. ; </subfield>
      <subfield code="a">xxxii, [1381] p. en varias paginaciones : </subfield>
      <subfield code="b">il. ; </subfield>
      <subfield code="a">x, 453 p. : </subfield>
      <subfield code="b">il. ; </subfield>
      <subfield code="a">viii, 976 p. : </subfield>
      <subfield code="b">il. ; </subfield>
      <subfield code="a">xx, [1067] p. en varias paginaciones : </subfield>
      <subfield code="b">il. ; </subfield>
      <subfield code="a">xiv, 211 p. : </subfield>
      <subfield code="a">492 p. : </subfield>
      <subfield code="b">il. ; </subfield>
      <subfield code="a">537 p. : </subfield>
      <subfield code="a">285 p. : </subfield>
      <subfield code="b">il. ; </subfield>
      <subfield code="a">xxxvii, 321 p. : </subfield>
      <subfield code="b">il. ; </subfield>
      <subfield code="e">2 disquete (3½) en bolsillo</subfield>
    </datafield>
    <datafield tag="500" ind1=" " ind2=" ">
      <subfield code="a">Incuye software para búsqueda temáticas computarizadas</subfield>
    </datafield>
    <datafield tag="650" ind1=" " ind2=" ">
      <subfield code="a"> ESTADOS CONTABLES</subfield>
    </datafield>
    <datafield tag="942" ind1=" " ind2=" ">
      <subfield code="c">BK</subfield>
    </datafield>
    <datafield tag="952" ind1=" " ind2=" ">
      <subfield code="a">BIB_RECT</subfield>
      <subfield code="b">BIB_UACO</subfield>
      <subfield code="d">2017-11-23</subfield>
      <subfield code="y">BK</subfield>
      <subfield code="p">02-08046</subfield>
      <subfield code="i">02-08046</subfield>
      <subfield code="g">350</subfield>
      <subfield code="o">657 F787a</subfield>
      <subfield code="e">Migracion UACO</subfield>
      <subfield code="8">CG</subfield>
    </datafield>
    <datafield tag="952" ind1=" " ind2=" ">
      <subfield code="a">BIB_RECT</subfield>
      <subfield code="b">BIB_UACO</subfield>
      <subfield code="d">2017-11-23</subfield>
      <subfield code="y">BK</subfield>
      <subfield code="p">02-08047</subfield>
      <subfield code="i">02-08047</subfield>
      <subfield code="g">350</subfield>
      <subfield code="o">657 F787a</subfield>
      <subfield code="e">Migración UACO</subfield>
      <subfield code="8">CG</subfield>
    </datafield>
    <datafield tag="952" ind1=" " ind2=" ">
      <subfield code="a">BIB_RECT</subfield>
      <subfield code="b">BIB_UASJ</subfield>
      <subfield code="d">2017-11-23</subfield>
      <subfield code="y">BK</subfield>
      <subfield code="p">04-00900</subfield>
      <subfield code="i">04-00900</subfield>
      <subfield code="g">350</subfield>
      <subfield code="o">657 F787a</subfield>
      <subfield code="e">UASJ</subfield>
      <subfield code="8">CG</subfield>
    </datafield>
    <datafield tag="952" ind1=" " ind2=" ">
      <subfield code="a">BIB_RECT</subfield>
      <subfield code="b">BIB_UARG</subfield>
      <subfield code="d">2017-11-23</subfield>
      <subfield code="y">BK</subfield>
      <subfield code="p">05-14145</subfield>
      <subfield code="i">05-14145</subfield>
      <subfield code="g">350</subfield>
      <subfield code="o">657 F787a</subfield>
      <subfield code="e">Migración UARG</subfield>
      <subfield code="8">CG</subfield>
    </datafield>
    <datafield tag="952" ind1=" " ind2=" ">
      <subfield code="a">BIB_RECT</subfield>
      <subfield code="b">BIB_UARG</subfield>
      <subfield code="d">2017-11-23</subfield>
      <subfield code="y">BK</subfield>
      <subfield code="p">05-14146</subfield>
      <subfield code="i">05-14146</subfield>
      <subfield code="g">350</subfield>
      <subfield code="o">657 F787a</subfield>
      <subfield code="e">Migración UARG</subfield>
      <subfield code="8">CG</subfield>
    </datafield>
  </record>