
  <record>
    <leader>01000aam  22002601a 4500</leader>
    <controlfield tag="001">YPZ100990</controlfield>
    <controlfield tag="003">YPZ</controlfield>
    <controlfield tag="005">201711231257040</controlfield>
    <controlfield tag="008">171123|###########||||||b||||||||||spa|d</controlfield>
    <datafield tag="020" ind1=" " ind2=" ">
      <subfield code="a">9789873714382</subfield>
    </datafield>
    <datafield tag="040" ind1=" " ind2=" ">
      <subfield code="c">SIUNPA</subfield>
    </datafield>
    <datafield tag="041" ind1=" " ind2=" ">
      <subfield code="a">spa</subfield>
    </datafield>
    <datafield tag="044" ind1=" " ind2=" ">
      <subfield code="a">AR</subfield>
    </datafield>
    <datafield tag="080" ind1=" " ind2=" ">
      <subfield code="a">911.2(828)  P294p</subfield>
    </datafield>
    <datafield tag="100" ind1=" " ind2=" ">
      <subfield code="a">Coronato, Andrea.</subfield>
    </datafield>
    <datafield tag="700" ind1=" " ind2=" ">
      <subfield code="a">Mazzoni, Elizabeth.</subfield>
    </datafield>
    <datafield tag="700" ind1=" " ind2=" ">
      <subfield code="a">Vázquez, Miriam.</subfield>
    </datafield>
    <datafield tag="700" ind1=" " ind2=" ">
      <subfield code="a">Coronato, Fernando.</subfield>
    </datafield>
    <datafield tag="245" ind1=" " ind2=" ">
      <subfield code="a">Patagonia</subfield>
      <subfield code="b"> : una síntesis de su geografía física</subfield>
    </datafield>
    <datafield tag="250" ind1=" " ind2=" ">
      <subfield code="a">1a ed.</subfield>
    </datafield>
    <datafield tag="260" ind1=" " ind2=" ">
      <subfield code="a">Río Gallegos</subfield>
      <subfield code="b"> : Universidad Nacional de la Patagonia Austral, UNPAedita</subfield>
      <subfield code="c"> , 2017</subfield>
    </datafield>
    <datafield tag="650" ind1=" " ind2=" ">
      <subfield code="a"> GEOGRAFIA FISICA</subfield>
    </datafield>
    <datafield tag="650" ind1=" " ind2=" ">
      <subfield code="a"> GEOMORFOLOGIA</subfield>
    </datafield>
    <datafield tag="650" ind1=" " ind2=" ">
      <subfield code="a"> GEOLOGIA</subfield>
    </datafield>
    <datafield tag="650" ind1=" " ind2=" ">
      <subfield code="a"> PATAGONIA</subfield>
    </datafield>
    <datafield tag="942" ind1=" " ind2=" ">
      <subfield code="c">BK</subfield>
    </datafield>
    <datafield tag="952" ind1=" " ind2=" ">
      <subfield code="a">BIB_RECT</subfield>
      <subfield code="b">BIB_UACO</subfield>
      <subfield code="d">2017-11-24</subfield>
      <subfield code="y">BK</subfield>
      <subfield code="p">02-49366</subfield>
      <subfield code="i">02-49366</subfield>
      <subfield code="g">250</subfield>
      <subfield code="o">911.2(828)  P294p</subfield>
      <subfield code="e">Sec. de extensión</subfield>
      <subfield code="8">CG</subfield>
    </datafield>
    <datafield tag="952" ind1=" " ind2=" ">
      <subfield code="a">BIB_RECT</subfield>
      <subfield code="b">BIB_UACO</subfield>
      <subfield code="d">2017-11-24</subfield>
      <subfield code="y">BK</subfield>
      <subfield code="p">02-49367</subfield>
      <subfield code="i">02-49367</subfield>
      <subfield code="g">250</subfield>
      <subfield code="o">911.2(828)  P294p</subfield>
      <subfield code="e">Sec. de extensión</subfield>
      <subfield code="8">CG</subfield>
    </datafield>
    <datafield tag="952" ind1=" " ind2=" ">
      <subfield code="a">BIB_RECT</subfield>
      <subfield code="b">BIB_UACO</subfield>
      <subfield code="d">2017-11-24</subfield>
      <subfield code="y">BK</subfield>
      <subfield code="p">02-49368</subfield>
      <subfield code="i">02-49368</subfield>
      <subfield code="g">250</subfield>
      <subfield code="o">911.2(828)  P294p</subfield>
      <subfield code="e">Sec. de extensión</subfield>
      <subfield code="8">CG</subfield>
    </datafield>
    <datafield tag="952" ind1=" " ind2=" ">
      <subfield code="a">BIB_RECT</subfield>
      <subfield code="b">BIB_UACO</subfield>
      <subfield code="d">2017-11-24</subfield>
      <subfield code="y">BK</subfield>
      <subfield code="p">02-49369</subfield>
      <subfield code="i">02-49369</subfield>
      <subfield code="g">250</subfield>
      <subfield code="o">911.2(828)  P294p</subfield>
      <subfield code="e">Sec. de extensión</subfield>
      <subfield code="8">CG</subfield>
    </datafield>
    <datafield tag="952" ind1=" " ind2=" ">
      <subfield code="a">BIB_RECT</subfield>
      <subfield code="b">BIB_UART</subfield>
      <subfield code="d">2017-11-24</subfield>
      <subfield code="y">BK</subfield>
      <subfield code="p">03-49374</subfield>
      <subfield code="i">03-49374</subfield>
      <subfield code="g">250</subfield>
      <subfield code="o">911.2(828)  P294p</subfield>
      <subfield code="e">Sec. de extensión</subfield>
      <subfield code="8">CG</subfield>
    </datafield>
    <datafield tag="952" ind1=" " ind2=" ">
      <subfield code="a">BIB_RECT</subfield>
      <subfield code="b">BIB_UART</subfield>
      <subfield code="d">2017-11-24</subfield>
      <subfield code="y">BK</subfield>
      <subfield code="p">03-49375</subfield>
      <subfield code="i">03-49375</subfield>
      <subfield code="g">250</subfield>
      <subfield code="o">911.2(828)  P294p</subfield>
      <subfield code="e">Sec. de extensión</subfield>
      <subfield code="8">CG</subfield>
    </datafield>
    <datafield tag="952" ind1=" " ind2=" ">
      <subfield code="a">BIB_RECT</subfield>
      <subfield code="b">BIB_UART</subfield>
      <subfield code="d">2017-11-24</subfield>
      <subfield code="y">BK</subfield>
      <subfield code="p">03-49376</subfield>
      <subfield code="i">03-49376</subfield>
      <subfield code="g">250</subfield>
      <subfield code="o">911.2(828)  P294p</subfield>
      <subfield code="e">Sec. de extensión</subfield>
      <subfield code="8">CG</subfield>
    </datafield>
    <datafield tag="952" ind1=" " ind2=" ">
      <subfield code="a">BIB_RECT</subfield>
      <subfield code="b">BIB_UART</subfield>
      <subfield code="d">2017-11-24</subfield>
      <subfield code="y">BK</subfield>
      <subfield code="p">03-49377</subfield>
      <subfield code="i">03-49377</subfield>
      <subfield code="g">250</subfield>
      <subfield code="o">911.2(828)  P294p</subfield>
      <subfield code="e">Sec. de extensión</subfield>
      <subfield code="8">CG</subfield>
    </datafield>
    <datafield tag="952" ind1=" " ind2=" ">
      <subfield code="a">BIB_RECT</subfield>
      <subfield code="b">BIB_UASJ</subfield>
      <subfield code="d">2017-11-24</subfield>
      <subfield code="y">BK</subfield>
      <subfield code="p">04-49370</subfield>
      <subfield code="i">04-49370</subfield>
      <subfield code="g">250</subfield>
      <subfield code="o">911.2(828)  P294p</subfield>
      <subfield code="e">Sec. de extensión</subfield>
      <subfield code="8">CG</subfield>
    </datafield>
    <datafield tag="952" ind1=" " ind2=" ">
      <subfield code="a">BIB_RECT</subfield>
      <subfield code="b">BIB_UASJ</subfield>
      <subfield code="d">2017-11-24</subfield>
      <subfield code="y">BK</subfield>
      <subfield code="p">04-49371</subfield>
      <subfield code="i">04-49371</subfield>
      <subfield code="g">250</subfield>
      <subfield code="o">911.2(828)  P294p</subfield>
      <subfield code="e">Sec. de extensión</subfield>
      <subfield code="8">CG</subfield>
    </datafield>
    <datafield tag="952" ind1=" " ind2=" ">
      <subfield code="a">BIB_RECT</subfield>
      <subfield code="b">BIB_UASJ</subfield>
      <subfield code="d">2017-11-24</subfield>
      <subfield code="y">BK</subfield>
      <subfield code="p">04-49372</subfield>
      <subfield code="i">04-49372</subfield>
      <subfield code="g">250</subfield>
      <subfield code="o">911.2(828)  P294p</subfield>
      <subfield code="e">Sec. de extensión</subfield>
      <subfield code="8">CG</subfield>
    </datafield>
    <datafield tag="952" ind1=" " ind2=" ">
      <subfield code="a">BIB_RECT</subfield>
      <subfield code="b">BIB_UASJ</subfield>
      <subfield code="d">2017-11-24</subfield>
      <subfield code="y">BK</subfield>
      <subfield code="p">04-49373</subfield>
      <subfield code="i">04-49373</subfield>
      <subfield code="g">250</subfield>
      <subfield code="o">911.2(828)  P294p</subfield>
      <subfield code="e">Sec. de extensión</subfield>
      <subfield code="8">CG</subfield>
    </datafield>
    <datafield tag="952" ind1=" " ind2=" ">
      <subfield code="a">BIB_RECT</subfield>
      <subfield code="b">BIB_UARG</subfield>
      <subfield code="d">2017-11-24</subfield>
      <subfield code="y">BK</subfield>
      <subfield code="p">05-49378</subfield>
      <subfield code="i">05-49378</subfield>
      <subfield code="g">250</subfield>
      <subfield code="o">911.2(828)  P294p</subfield>
      <subfield code="e">Sec. de extensión</subfield>
      <subfield code="8">CG</subfield>
    </datafield>
    <datafield tag="952" ind1=" " ind2=" ">
      <subfield code="a">BIB_RECT</subfield>
      <subfield code="b">BIB_UARG</subfield>
      <subfield code="d">2017-11-24</subfield>
      <subfield code="y">BK</subfield>
      <subfield code="p">05-49379</subfield>
      <subfield code="i">05-49379</subfield>
      <subfield code="g">250</subfield>
      <subfield code="o">911.2(828)  P294p</subfield>
      <subfield code="e">Sec. de extensión</subfield>
      <subfield code="8">CG</subfield>
    </datafield>
    <datafield tag="952" ind1=" " ind2=" ">
      <subfield code="a">BIB_RECT</subfield>
      <subfield code="b">BIB_UARG</subfield>
      <subfield code="d">2017-11-24</subfield>
      <subfield code="y">BK</subfield>
      <subfield code="p">05-49380</subfield>
      <subfield code="i">05-49380</subfield>
      <subfield code="g">250</subfield>
      <subfield code="o">911.2(828)  P294p</subfield>
      <subfield code="e">Sec. de extensión</subfield>
      <subfield code="8">CG</subfield>
    </datafield>
    <datafield tag="952" ind1=" " ind2=" ">
      <subfield code="a">BIB_RECT</subfield>
      <subfield code="b">BIB_UARG</subfield>
      <subfield code="d">2017-11-24</subfield>
      <subfield code="y">BK</subfield>
      <subfield code="p">05-49381</subfield>
      <subfield code="i">05-49381</subfield>
      <subfield code="g">250</subfield>
      <subfield code="o">911.2(828)  P294p</subfield>
      <subfield code="e">Sec. de extensión</subfield>
      <subfield code="8">CG</subfield>
    </datafield>
    <datafield tag="952" ind1=" " ind2=" ">
      <subfield code="a">BIB_RECT</subfield>
      <subfield code="b">SAT_TRUN</subfield>
      <subfield code="d">2017-11-24</subfield>
      <subfield code="y">BK</subfield>
      <subfield code="p">10-49384</subfield>
      <subfield code="i">10-49384</subfield>
      <subfield code="g">250</subfield>
      <subfield code="o">911.2(828)  P294p</subfield>
      <subfield code="e">Sec. de extensión</subfield>
      <subfield code="8">CG</subfield>
    </datafield>
    <datafield tag="952" ind1=" " ind2=" ">
      <subfield code="a">BIB_RECT</subfield>
      <subfield code="b">SAT_PBNA</subfield>
      <subfield code="d">2017-11-24</subfield>
      <subfield code="y">BK</subfield>
      <subfield code="p">11-49385</subfield>
      <subfield code="i">11-49385</subfield>
      <subfield code="g">250</subfield>
      <subfield code="o">911.2(828)  P294p</subfield>
      <subfield code="e">Sec. de extensión</subfield>
      <subfield code="8">CG</subfield>
    </datafield>
    <datafield tag="952" ind1=" " ind2=" ">
      <subfield code="a">BIB_RECT</subfield>
      <subfield code="b">SAT_PDES</subfield>
      <subfield code="d">2017-11-23</subfield>
      <subfield code="y">BK</subfield>
      <subfield code="p">16-49383</subfield>
      <subfield code="i">16-49383</subfield>
      <subfield code="g">250</subfield>
      <subfield code="o">911.2(828)  P294p</subfield>
      <subfield code="e">Secretaría de Extensión</subfield>
      <subfield code="8">CG</subfield>
    </datafield>
    <datafield tag="952" ind1=" " ind2=" ">
      <subfield code="a">BIB_RECT</subfield>
      <subfield code="b">SAT_GREG</subfield>
      <subfield code="d">2017-11-24</subfield>
      <subfield code="y">BK</subfield>
      <subfield code="p">18-49382</subfield>
      <subfield code="i">18-49382</subfield>
      <subfield code="g">250</subfield>
      <subfield code="o">911.2(828)  P294p</subfield>
      <subfield code="e">Sec. de extensión</subfield>
      <subfield code="8">CG</subfield>
    </datafield>
  </record>