
  <record>
    <leader>01000aam  22002601a 4500</leader>
    <controlfield tag="001">YPZ100992</controlfield>
    <controlfield tag="003">YPZ</controlfield>
    <controlfield tag="005">201711240905440</controlfield>
    <controlfield tag="008">171124|###########||||||b||||||||||spa|d</controlfield>
    <datafield tag="020" ind1=" " ind2=" ">
      <subfield code="a">9688806226</subfield>
    </datafield>
    <datafield tag="040" ind1=" " ind2=" ">
      <subfield code="c">SIUNPA</subfield>
    </datafield>
    <datafield tag="041" ind1=" " ind2=" ">
      <subfield code="a">spa</subfield>
    </datafield>
    <datafield tag="044" ind1=" " ind2=" ">
      <subfield code="a">MX</subfield>
    </datafield>
    <datafield tag="080" ind1=" " ind2=" ">
      <subfield code="a">004.4 C754a</subfield>
    </datafield>
    <datafield tag="100" ind1=" " ind2=" ">
      <subfield code="a">Carlberg, Conrad.</subfield>
    </datafield>
    <datafield tag="245" ind1=" " ind2=" ">
      <subfield code="a">Análisis de los negocios con Excel</subfield>
      <subfield code="c"> / Sánchez García, Gabriel, tr.</subfield>
    </datafield>
    <datafield tag="260" ind1=" " ind2=" ">
      <subfield code="a">Naucalpan de Juárez</subfield>
      <subfield code="b"> : Prentice-Hall Hispanoamericana</subfield>
      <subfield code="c"> , 1996</subfield>
    </datafield>
    <datafield tag="500" ind1=" " ind2=" ">
      <subfield code="a">Subtít. de cub.: técnicas profesionales para analizar ingresos y utilidades, activos fijos, crecimiento, inversión y demás intereses financieros</subfield>
    </datafield>
    <datafield tag="650" ind1=" " ind2=" ">
      <subfield code="a"> EXCEL</subfield>
    </datafield>
    <datafield tag="650" ind1=" " ind2=" ">
      <subfield code="a"> PLANILLAS DE CALCULO</subfield>
    </datafield>
    <datafield tag="650" ind1=" " ind2=" ">
      <subfield code="a"> PROGRAMA DE COMPUTADORA</subfield>
    </datafield>
    <datafield tag="942" ind1=" " ind2=" ">
      <subfield code="c">BK</subfield>
    </datafield>
    <datafield tag="952" ind1=" " ind2=" ">
      <subfield code="a">BIB_RECT</subfield>
      <subfield code="b">BIB_UASJ</subfield>
      <subfield code="d">2017-11-24</subfield>
      <subfield code="y">BK</subfield>
      <subfield code="p">04-00859</subfield>
      <subfield code="i">04-00859</subfield>
      <subfield code="g">1200</subfield>
      <subfield code="o">004.4 C754a</subfield>
      <subfield code="e">UASJ</subfield>
      <subfield code="8">CG</subfield>
    </datafield>
  </record>