
  <record>
    <leader>01000aam  22002601a 4500</leader>
    <controlfield tag="001">YPZ101007</controlfield>
    <controlfield tag="003">YPZ</controlfield>
    <controlfield tag="005">201711290921200</controlfield>
    <controlfield tag="008">171129|###########||||||b||||||||||spa|d</controlfield>
    <datafield tag="020" ind1=" " ind2=" ">
      <subfield code="a">9788577735983</subfield>
    </datafield>
    <datafield tag="040" ind1=" " ind2=" ">
      <subfield code="c">SIUNPA</subfield>
    </datafield>
    <datafield tag="041" ind1=" " ind2=" ">
      <subfield code="a">por</subfield>
    </datafield>
    <datafield tag="044" ind1=" " ind2=" ">
      <subfield code="a">BR</subfield>
    </datafield>
    <datafield tag="080" ind1=" " ind2=" ">
      <subfield code="a">338.1 D583di</subfield>
    </datafield>
    <datafield tag="245" ind1=" " ind2=" ">
      <subfield code="a">Dinâmicas periférico-estratégicas da fronteira da amazônia setentrional</subfield>
      <subfield code="b"> : das políticas públicas e redes institucionais à integração espacial</subfield>
      <subfield code="c"> / Rebelo Porto, Jadson Luís, org. ; Nascimento, Durbens M., org.</subfield>
    </datafield>
    <datafield tag="260" ind1=" " ind2=" ">
      <subfield code="a">Río de Janeiro</subfield>
      <subfield code="b"> : Publit</subfield>
      <subfield code="c"> , 2013</subfield>
    </datafield>
    <datafield tag="650" ind1=" " ind2=" ">
      <subfield code="a"> ECONOMIA REGIONAL</subfield>
    </datafield>
    <datafield tag="650" ind1=" " ind2=" ">
      <subfield code="a"> POLITICA ECONOMICA</subfield>
    </datafield>
    <datafield tag="650" ind1=" " ind2=" ">
      <subfield code="a"> GEOPOLITICA</subfield>
    </datafield>
    <datafield tag="650" ind1=" " ind2=" ">
      <subfield code="a"> DESARROLLO REGIONAL</subfield>
    </datafield>
    <datafield tag="650" ind1=" " ind2=" ">
      <subfield code="a"> BRASIL</subfield>
    </datafield>
    <datafield tag="942" ind1=" " ind2=" ">
      <subfield code="c">BK</subfield>
    </datafield>
    <datafield tag="952" ind1=" " ind2=" ">
      <subfield code="a">BIB_RECT</subfield>
      <subfield code="b">BIB_UARG</subfield>
      <subfield code="d">2017-11-23</subfield>
      <subfield code="y">BK</subfield>
      <subfield code="p">05-49358</subfield>
      <subfield code="i">05-49358</subfield>
      <subfield code="g">145</subfield>
      <subfield code="o">338.1 D583di</subfield>
      <subfield code="e">Schweitzer - Acuer. 225/17</subfield>
      <subfield code="8">CG</subfield>
    </datafield>
  </record>