
  <record>
    <leader>01000aam  22002601a 4500</leader>
    <controlfield tag="001">YPZ101019</controlfield>
    <controlfield tag="003">YPZ</controlfield>
    <controlfield tag="005">201711291137470</controlfield>
    <controlfield tag="008">171129|###########||||||b||||||||||spa|d</controlfield>
    <datafield tag="020" ind1=" " ind2=" ">
      <subfield code="a">9788490880173</subfield>
    </datafield>
    <datafield tag="040" ind1=" " ind2=" ">
      <subfield code="c">SIUNPA</subfield>
    </datafield>
    <datafield tag="041" ind1=" " ind2=" ">
      <subfield code="a">spa</subfield>
    </datafield>
    <datafield tag="044" ind1=" " ind2=" ">
      <subfield code="a">ES</subfield>
    </datafield>
    <datafield tag="080" ind1=" " ind2=" ">
      <subfield code="a">65.013 O771e</subfield>
    </datafield>
    <datafield tag="100" ind1=" " ind2=" ">
      <subfield code="a">Ortega Perez, Carlos Alejandro.</subfield>
    </datafield>
    <datafield tag="245" ind1=" " ind2=" ">
      <subfield code="a">Emprende hoy</subfield>
      <subfield code="b"> : claves para crear y hacer viable tu propia empresa</subfield>
    </datafield>
    <datafield tag="260" ind1=" " ind2=" ">
      <subfield code="a">Alcalá la Real, Jaén</subfield>
      <subfield code="b"> : Formación Alcalá, FA</subfield>
      <subfield code="c"> , 2014</subfield>
    </datafield>
    <datafield tag="500" ind1=" " ind2=" ">
      <subfield code="a">En cub.: Plantearse las preguntas correctas y responderlas cara a cara es la clave de tu éxito como empresario</subfield>
    </datafield>
    <datafield tag="650" ind1=" " ind2=" ">
      <subfield code="a"> PSICOLOGIA DE LAS ORGANIZACIONES  EMPRESAS  TRABAJO</subfield>
    </datafield>
    <datafield tag="650" ind1=" " ind2=" ">
      <subfield code="a"> MOTIVACION </subfield>
    </datafield>
    <datafield tag="650" ind1=" " ind2=" ">
      <subfield code="a"> ORGANIZACIONES </subfield>
    </datafield>
    <datafield tag="650" ind1=" " ind2=" ">
      <subfield code="a"> PSICOLOGIA SOCIAL</subfield>
    </datafield>
    <datafield tag="650" ind1=" " ind2=" ">
      <subfield code="a"> EMPRENDEDOR</subfield>
    </datafield>
    <datafield tag="942" ind1=" " ind2=" ">
      <subfield code="c">BK</subfield>
    </datafield>
    <datafield tag="952" ind1=" " ind2=" ">
      <subfield code="a">BIB_RECT</subfield>
      <subfield code="b">BIB_UARG</subfield>
      <subfield code="d">2017-11-29</subfield>
      <subfield code="y">BK</subfield>
      <subfield code="p">05-49406</subfield>
      <subfield code="i">05-49406</subfield>
      <subfield code="g">290</subfield>
      <subfield code="o">65.013 O771e</subfield>
      <subfield code="e">PI 29/A350</subfield>
      <subfield code="8">CG</subfield>
    </datafield>
  </record>