
  <record>
    <leader>01000aam  22002601a 4500</leader>
    <controlfield tag="001">YPZ101021</controlfield>
    <controlfield tag="003">YPZ</controlfield>
    <controlfield tag="005">201711300844020</controlfield>
    <controlfield tag="008">171130|###########||||||b||||||||||spa|d</controlfield>
    <datafield tag="020" ind1=" " ind2=" ">
      <subfield code="a">9788555268960</subfield>
    </datafield>
    <datafield tag="040" ind1=" " ind2=" ">
      <subfield code="c">SIUNPA</subfield>
    </datafield>
    <datafield tag="041" ind1=" " ind2=" ">
      <subfield code="a">por</subfield>
    </datafield>
    <datafield tag="044" ind1=" " ind2=" ">
      <subfield code="a">BR</subfield>
    </datafield>
    <datafield tag="080" ind1=" " ind2=" ">
      <subfield code="a">341.222 F138f</subfield>
    </datafield>
    <datafield tag="245" ind1=" " ind2=" ">
      <subfield code="a">Faces da fronteira</subfield>
      <subfield code="b"> : transformações e dinamismo históricos das lindes setentrional e meridional sul-americana</subfield>
      <subfield code="c"> / Noronha, Andrius, org. ; Cavlak, Iuri, org. ; Porto, Jadson, org.</subfield>
    </datafield>
    <datafield tag="250" ind1=" " ind2=" ">
      <subfield code="a">1a ed.</subfield>
    </datafield>
    <datafield tag="260" ind1=" " ind2=" ">
      <subfield code="a">Río de Janeiro</subfield>
      <subfield code="b"> : Autografía</subfield>
      <subfield code="b"> : UNIFAP</subfield>
      <subfield code="c"> , 2016</subfield>
    </datafield>
    <datafield tag="650" ind1=" " ind2=" ">
      <subfield code="a"> LIMITES</subfield>
    </datafield>
    <datafield tag="650" ind1=" " ind2=" ">
      <subfield code="a"> FRONTERA</subfield>
    </datafield>
    <datafield tag="650" ind1=" " ind2=" ">
      <subfield code="a"> AMERICA DEL SUR</subfield>
    </datafield>
    <datafield tag="942" ind1=" " ind2=" ">
      <subfield code="c">BK</subfield>
    </datafield>
    <datafield tag="952" ind1=" " ind2=" ">
      <subfield code="a">BIB_RECT</subfield>
      <subfield code="b">BIB_UARG</subfield>
      <subfield code="d">2017-11-29</subfield>
      <subfield code="y">BK</subfield>
      <subfield code="p">05-49359</subfield>
      <subfield code="i">05-49359</subfield>
      <subfield code="g">230</subfield>
      <subfield code="o">341.222 F138f</subfield>
      <subfield code="e">Schweitzer - Acuer. 225/17</subfield>
      <subfield code="8">CG</subfield>
    </datafield>
  </record>