
  <record>
    <leader>01000aam  22002601a 4500</leader>
    <controlfield tag="001">YPZ101026</controlfield>
    <controlfield tag="003">YPZ</controlfield>
    <controlfield tag="005">201711301036530</controlfield>
    <controlfield tag="008">171130|###########||||||b||||||||||spa|d</controlfield>
    <datafield tag="020" ind1=" " ind2=" ">
      <subfield code="a">9789875583887</subfield>
    </datafield>
    <datafield tag="040" ind1=" " ind2=" ">
      <subfield code="c">SIUNPA</subfield>
    </datafield>
    <datafield tag="041" ind1=" " ind2=" ">
      <subfield code="a">spa</subfield>
    </datafield>
    <datafield tag="044" ind1=" " ind2=" ">
      <subfield code="a">AR</subfield>
    </datafield>
    <datafield tag="080" ind1=" " ind2=" ">
      <subfield code="a">323.28 A772a</subfield>
    </datafield>
    <datafield tag="110" ind1=" " ind2=" ">
      <subfield code="a">Universidad Nacional de Quilmes. Proyecto de Extensión Universidad, Memoria y Ciudadanía. Observatorio Memoria, Género y Derechos Humanos.</subfield>
    </datafield>
    <datafield tag="245" ind1=" " ind2=" ">
      <subfield code="a">Arqueología del terrorismo de estado en el partido de Quilmes</subfield>
    </datafield>
    <datafield tag="260" ind1=" " ind2=" ">
      <subfield code="a">Bernal</subfield>
      <subfield code="b"> : Universidad Nacional de Quilmes</subfield>
      <subfield code="c"> , 2016</subfield>
    </datafield>
    <datafield tag="650" ind1=" " ind2=" ">
      <subfield code="a"> TERRORISMO DE ESTADO</subfield>
    </datafield>
    <datafield tag="650" ind1=" " ind2=" ">
      <subfield code="a"> DERECHOS HUMANOS</subfield>
    </datafield>
    <datafield tag="650" ind1=" " ind2=" ">
      <subfield code="a"> CAMPOS CLANDESTINOS DE DETENCION</subfield>
    </datafield>
    <datafield tag="650" ind1=" " ind2=" ">
      <subfield code="a"> QUILMES (BUENOS AIRES)</subfield>
    </datafield>
    <datafield tag="942" ind1=" " ind2=" ">
      <subfield code="c">BK</subfield>
    </datafield>
    <datafield tag="952" ind1=" " ind2=" ">
      <subfield code="a">BIB_RECT</subfield>
      <subfield code="b">BIB_UARG</subfield>
      <subfield code="d">2017-11-29</subfield>
      <subfield code="y">BK</subfield>
      <subfield code="p">05-49360</subfield>
      <subfield code="i">05-49360</subfield>
      <subfield code="g">140</subfield>
      <subfield code="o">323.28 A772a</subfield>
      <subfield code="e">Pierini - Acuer. 006/17</subfield>
      <subfield code="8">CG</subfield>
    </datafield>
  </record>