
  <record>
    <leader>01000aam  22002601a 4500</leader>
    <controlfield tag="001">YPZ101030</controlfield>
    <controlfield tag="003">YPZ</controlfield>
    <controlfield tag="005">201712011032370</controlfield>
    <controlfield tag="008">171201|###########||||||b||||||||||spa|d</controlfield>
    <datafield tag="020" ind1=" " ind2=" ">
      <subfield code="a">9789275316290</subfield>
    </datafield>
    <datafield tag="040" ind1=" " ind2=" ">
      <subfield code="c">SIUNPA</subfield>
    </datafield>
    <datafield tag="041" ind1=" " ind2=" ">
      <subfield code="a">spa</subfield>
    </datafield>
    <datafield tag="044" ind1=" " ind2=" ">
      <subfield code="a">US</subfield>
    </datafield>
    <datafield tag="080" ind1=" " ind2=" ">
      <subfield code="a">616-036.22 B715e2</subfield>
    </datafield>
    <datafield tag="100" ind1=" " ind2=" ">
      <subfield code="a">Bonita, Ruth.</subfield>
    </datafield>
    <datafield tag="700" ind1=" " ind2=" ">
      <subfield code="a">Beaglehole, Robert.</subfield>
    </datafield>
    <datafield tag="700" ind1=" " ind2=" ">
      <subfield code="a">Kjellström, Tord.</subfield>
    </datafield>
    <datafield tag="245" ind1=" " ind2=" ">
      <subfield code="a">Epidemiología básica</subfield>
      <subfield code="b"> : segunda edición</subfield>
      <subfield code="c"> / Tapia Granados, José A., tr. ; Figueira, María Claudia, colab. en la tr. ; Giambiagi, Nora, colab. en la tr.</subfield>
    </datafield>
    <datafield tag="250" ind1=" " ind2=" ">
      <subfield code="a">2a ed.</subfield>
    </datafield>
    <datafield tag="260" ind1=" " ind2=" ">
      <subfield code="a">Washington, DC</subfield>
      <subfield code="b"> : Organización Panamericana de la Salud</subfield>
      <subfield code="c"> , 2008</subfield>
    </datafield>
    <datafield tag="440" ind1=" " ind2=" ">
      <subfield code="a">Colección temas de ciencia y técnica</subfield>
      <subfield code="a">Ciclo formativo grado superior</subfield>
      <subfield code="a">Open source. Community experience distilled</subfield>
      <subfield code="a">Colección textos y lecturas en ciencias sociales. Serie punto de encuentros</subfield>
      <subfield code="a">Recursos Humanos / Granica</subfield>
      <subfield code="a">Narrativa empresarial</subfield>
      <subfield code="a">Management / Profit</subfield>
      <subfield code="a">Sección de obras de Ciencia y Tecnología</subfield>
      <subfield code="a">Colección bitácora argentina</subfield>
      <subfield code="a">Publicación científica / OPS</subfield>
      <subfield code="v">no. 629</subfield>
    </datafield>
    <datafield tag="490" ind1=" " ind2=" ">
      <subfield code="a">Colección temas de ciencia y técnica</subfield>
      <subfield code="a">Ciclo formativo grado superior</subfield>
      <subfield code="a">Open source. Community experience distilled</subfield>
      <subfield code="a">Colección textos y lecturas en ciencias sociales. Serie punto de encuentros</subfield>
      <subfield code="a">Recursos Humanos / Granica</subfield>
      <subfield code="a">Narrativa empresarial</subfield>
      <subfield code="a">Management / Profit</subfield>
      <subfield code="a">Sección de obras de Ciencia y Tecnología</subfield>
      <subfield code="a">Colección bitácora argentina</subfield>
      <subfield code="a">Publicación científica / OPS</subfield>
      <subfield code="v">no. 629</subfield>
    </datafield>
    <datafield tag="650" ind1=" " ind2=" ">
      <subfield code="a"> EPIDEMIOLOGIA</subfield>
    </datafield>
    <datafield tag="650" ind1=" " ind2=" ">
      <subfield code="a"> SALUD PUBLICA</subfield>
    </datafield>
    <datafield tag="650" ind1=" " ind2=" ">
      <subfield code="a"> HIGIENE</subfield>
    </datafield>
    <datafield tag="942" ind1=" " ind2=" ">
      <subfield code="c">BK</subfield>
    </datafield>
    <datafield tag="952" ind1=" " ind2=" ">
      <subfield code="a">BIB_RECT</subfield>
      <subfield code="b">BIB_UARG</subfield>
      <subfield code="d">2017-11-23</subfield>
      <subfield code="y">BK</subfield>
      <subfield code="p">05-49363</subfield>
      <subfield code="i">05-49363</subfield>
      <subfield code="g">270</subfield>
      <subfield code="o">616-036.22 B715e2</subfield>
      <subfield code="e">Repos./17</subfield>
      <subfield code="8">CG</subfield>
    </datafield>
  </record>