
  <record>
    <leader>01000aam  22002601a 4500</leader>
    <controlfield tag="001">YPZ101032</controlfield>
    <controlfield tag="003">YPZ</controlfield>
    <controlfield tag="005">201712011141540</controlfield>
    <controlfield tag="008">171201|###########||||||b||||||||||spa|d</controlfield>
    <datafield tag="020" ind1=" " ind2=" ">
      <subfield code="a">9501249204 (o.c.)</subfield>
    </datafield>
    <datafield tag="020" ind1=" " ind2=" ">
      <subfield code="a">9501249018</subfield>
    </datafield>
    <datafield tag="040" ind1=" " ind2=" ">
      <subfield code="c">SIUNPA</subfield>
    </datafield>
    <datafield tag="041" ind1=" " ind2=" ">
      <subfield code="a">spa</subfield>
    </datafield>
    <datafield tag="044" ind1=" " ind2=" ">
      <subfield code="a">AR</subfield>
    </datafield>
    <datafield tag="080" ind1=" " ind2=" ">
      <subfield code="a">159.964.2-053.2</subfield>
    </datafield>
    <datafield tag="100" ind1=" " ind2=" ">
      <subfield code="a">Klein, Melanie.</subfield>
    </datafield>
    <datafield tag="245" ind1=" " ind2=" ">
      <subfield code="a">Amor, culpa y reparación y otros trabajos (1921-1945)</subfield>
      <subfield code="c"> / Money-Kyrle, R.E., introd. ; Friedenthal, Hebe, tr. ; Morera María Esther, colab en la tr. ; Groode de Garma, Elizabeth, colab. en la tr. ; Negrotto, Adolfo, notas aclaratorias</subfield>
    </datafield>
    <datafield tag="250" ind1=" " ind2=" ">
      <subfield code="a">2a ed., 1a reimpr.</subfield>
    </datafield>
    <datafield tag="260" ind1=" " ind2=" ">
      <subfield code="a">Buenos Aires</subfield>
      <subfield code="b"> : Paidós</subfield>
      <subfield code="c"> , 1996</subfield>
    </datafield>
    <datafield tag="440" ind1=" " ind2=" ">
      <subfield code="a">Colección académico-científica</subfield>
      <subfield code="a">Obras completas de Melanie Klein</subfield>
      <subfield code="v">1</subfield>
    </datafield>
    <datafield tag="490" ind1=" " ind2=" ">
      <subfield code="a">Colección académico-científica</subfield>
      <subfield code="a">Obras completas de Melanie Klein</subfield>
      <subfield code="v">1</subfield>
    </datafield>
    <datafield tag="650" ind1=" " ind2=" ">
      <subfield code="a"> PSICOANALISIS INFANTIL</subfield>
    </datafield>
    <datafield tag="650" ind1=" " ind2=" ">
      <subfield code="a"> PSICOLOGIA INFANTIL</subfield>
    </datafield>
    <datafield tag="942" ind1=" " ind2=" ">
      <subfield code="c">BK</subfield>
    </datafield>
    <datafield tag="952" ind1=" " ind2=" ">
      <subfield code="a">BIB_RECT</subfield>
      <subfield code="b">BIB_UART</subfield>
      <subfield code="d">2017-12-01</subfield>
      <subfield code="y">BK</subfield>
      <subfield code="p">03-00456</subfield>
      <subfield code="i">03-00456</subfield>
      <subfield code="g">300</subfield>
      <subfield code="o">159.964.2-053.2</subfield>
      <subfield code="e">FOMEC ORDEN 26/98</subfield>
      <subfield code="8">CG</subfield>
    </datafield>
  </record>