
  <record>
    <leader>01000aam  22002601a 4500</leader>
    <controlfield tag="001">YPZ101049</controlfield>
    <controlfield tag="003">YPZ</controlfield>
    <controlfield tag="005">201712111347590</controlfield>
    <controlfield tag="008">171211|###########||||||b||||||||||spa|d</controlfield>
    <datafield tag="020" ind1=" " ind2=" ">
      <subfield code="a">927531022X</subfield>
    </datafield>
    <datafield tag="040" ind1=" " ind2=" ">
      <subfield code="c">SIUNPA</subfield>
    </datafield>
    <datafield tag="041" ind1=" " ind2=" ">
      <subfield code="a">spa</subfield>
    </datafield>
    <datafield tag="044" ind1=" " ind2=" ">
      <subfield code="a">US</subfield>
    </datafield>
    <datafield tag="080" ind1=" " ind2=" ">
      <subfield code="a">614.2 A747a2</subfield>
    </datafield>
    <datafield tag="100" ind1=" " ind2=" ">
      <subfield code="a">Arndt, Clara.</subfield>
    </datafield>
    <datafield tag="700" ind1=" " ind2=" ">
      <subfield code="a">Huckabay, Loucine M. Daderian.</subfield>
    </datafield>
    <datafield tag="245" ind1=" " ind2=" ">
      <subfield code="a">Administración de enfermería</subfield>
      <subfield code="b"> : teoría para la práctica con un enfoque de sistemas</subfield>
      <subfield code="c"> / Garzón Alarcón, Nelly, rev. técnica de la tr.</subfield>
    </datafield>
    <datafield tag="250" ind1=" " ind2=" ">
      <subfield code="a">1a ed. en español, versión española de la segunda edición inglesa</subfield>
    </datafield>
    <datafield tag="260" ind1=" " ind2=" ">
      <subfield code="a">Washington, D.C.</subfield>
      <subfield code="b"> : Oficina Sanitaria Panamericana</subfield>
      <subfield code="b"> : Mosby</subfield>
      <subfield code="c"> , 1980</subfield>
    </datafield>
    <datafield tag="500" ind1=" " ind2=" ">
      <subfield code="a">En portada: con 32 ilustraciones</subfield>
    </datafield>
    <datafield tag="650" ind1=" " ind2=" ">
      <subfield code="a"> ENFERMERIA</subfield>
    </datafield>
    <datafield tag="650" ind1=" " ind2=" ">
      <subfield code="a"> SERVICIOS DE ENFERMERIA</subfield>
    </datafield>
    <datafield tag="650" ind1=" " ind2=" ">
      <subfield code="a"> ADMINISTRACION DE LA SALUD</subfield>
    </datafield>
    <datafield tag="942" ind1=" " ind2=" ">
      <subfield code="c">BK</subfield>
    </datafield>
    <datafield tag="952" ind1=" " ind2=" ">
      <subfield code="a">BIB_RECT</subfield>
      <subfield code="b">BIB_UARG</subfield>
      <subfield code="d">2017-12-11</subfield>
      <subfield code="y">BK</subfield>
      <subfield code="p">05-08011</subfield>
      <subfield code="i">05-08011</subfield>
      <subfield code="g">590</subfield>
      <subfield code="o">614.2 A747a2</subfield>
      <subfield code="e">Acuerdo 073/94</subfield>
      <subfield code="8">CG</subfield>
    </datafield>
    <datafield tag="952" ind1=" " ind2=" ">
      <subfield code="a">BIB_RECT</subfield>
      <subfield code="b">BIB_UARG</subfield>
      <subfield code="d">2017-12-11</subfield>
      <subfield code="y">BK</subfield>
      <subfield code="p">05-08390</subfield>
      <subfield code="i">05-08390</subfield>
      <subfield code="g">590</subfield>
      <subfield code="o">614.2 A747a2</subfield>
      <subfield code="e">Acuerdo 073/94</subfield>
      <subfield code="8">CG</subfield>
    </datafield>
  </record>