
  <record>
    <leader>01000aam  22002601a 4500</leader>
    <controlfield tag="001">YPZ101052</controlfield>
    <controlfield tag="003">YPZ</controlfield>
    <controlfield tag="005">201712120855390</controlfield>
    <controlfield tag="008">171212|###########||||||b||||||||||spa|d</controlfield>
    <datafield tag="020" ind1=" " ind2=" ">
      <subfield code="a">9502521242</subfield>
    </datafield>
    <datafield tag="040" ind1=" " ind2=" ">
      <subfield code="c">SIUNPA</subfield>
    </datafield>
    <datafield tag="041" ind1=" " ind2=" ">
      <subfield code="a">spa</subfield>
    </datafield>
    <datafield tag="044" ind1=" " ind2=" ">
      <subfield code="a">AR</subfield>
    </datafield>
    <datafield tag="080" ind1=" " ind2=" ">
      <subfield code="a">017.1 V286c</subfield>
    </datafield>
    <datafield tag="100" ind1=" " ind2=" ">
      <subfield code="a">Vapñarsky, César A..</subfield>
    </datafield>
    <datafield tag="245" ind1=" " ind2=" ">
      <subfield code="a">La congoja del estudioso</subfield>
      <subfield code="b"> : exploración de bibliotecas de ciencias sociales en Buenos Aires,  a la caza de revistas clave para el estudio del asentamiento humano</subfield>
      <subfield code="c"> / Fernández, Marcela, colab. ; Imérito, Adriana, colab. ; Napolitano, Alejandra, colab. ; Sánchez, Darío, colab.</subfield>
    </datafield>
    <datafield tag="260" ind1=" " ind2=" ">
      <subfield code="a">Buenos Aires</subfield>
      <subfield code="b"> : Centro Editor de América Latina</subfield>
      <subfield code="c"> , 1993</subfield>
    </datafield>
    <datafield tag="440" ind1=" " ind2=" ">
      <subfield code="a">Historia de los movimientos sociales</subfield>
      <subfield code="a">Los fundamentos de las Ciencias del hombre</subfield>
      <subfield code="v">100</subfield>
    </datafield>
    <datafield tag="490" ind1=" " ind2=" ">
      <subfield code="a">Historia de los movimientos sociales</subfield>
      <subfield code="a">Los fundamentos de las Ciencias del hombre</subfield>
      <subfield code="v">100</subfield>
    </datafield>
    <datafield tag="500" ind1=" " ind2=" ">
      <subfield code="a">En portada: Con un catálogo de las existentes en inglés y francés, publicadas entre 1980 y 1989</subfield>
    </datafield>
    <datafield tag="650" ind1=" " ind2=" ">
      <subfield code="a"> CIENCIAS SOCIALES  BIBLIOGRAFIA</subfield>
    </datafield>
    <datafield tag="650" ind1=" " ind2=" ">
      <subfield code="a"> CATALOGOS DE BIBLIOTECAS</subfield>
    </datafield>
    <datafield tag="650" ind1=" " ind2=" ">
      <subfield code="a"> PUBLICACIONES PERIODICAS</subfield>
    </datafield>
    <datafield tag="650" ind1=" " ind2=" ">
      <subfield code="a"> BUENOS AIRES (ARGENTINA)</subfield>
    </datafield>
    <datafield tag="942" ind1=" " ind2=" ">
      <subfield code="c">BK</subfield>
    </datafield>
    <datafield tag="952" ind1=" " ind2=" ">
      <subfield code="a">BIB_RECT</subfield>
      <subfield code="b">BIB_UARG</subfield>
      <subfield code="d">2017-12-11</subfield>
      <subfield code="y">BK</subfield>
      <subfield code="p">05-08299</subfield>
      <subfield code="i">05-08299</subfield>
      <subfield code="g">180</subfield>
      <subfield code="o">017.1 V286c</subfield>
      <subfield code="e">Acuer.175/94</subfield>
      <subfield code="8">CG</subfield>
    </datafield>
  </record>