
  <record>
    <leader>01000aam  22002601a 4500</leader>
    <controlfield tag="001">YPZ101069</controlfield>
    <controlfield tag="003">YPZ</controlfield>
    <controlfield tag="005">201712200936560</controlfield>
    <controlfield tag="008">171220|###########||||||b||||||||||spa|d</controlfield>
    <datafield tag="020" ind1=" " ind2=" ">
      <subfield code="a">0262111888</subfield>
    </datafield>
    <datafield tag="040" ind1=" " ind2=" ">
      <subfield code="c">SIUNPA</subfield>
    </datafield>
    <datafield tag="041" ind1=" " ind2=" ">
      <subfield code="a">eng</subfield>
    </datafield>
    <datafield tag="044" ind1=" " ind2=" ">
      <subfield code="a">US</subfield>
    </datafield>
    <datafield tag="080" ind1=" " ind2=" ">
      <subfield code="a">004.42 A244a</subfield>
    </datafield>
    <datafield tag="245" ind1=" " ind2=" ">
      <subfield code="a">Advances in genetic programming</subfield>
      <subfield code="c"> / Kinnear, Kenneth E., ed.</subfield>
    </datafield>
    <datafield tag="260" ind1=" " ind2=" ">
      <subfield code="a">Cambridge, Mass.</subfield>
      <subfield code="b"> : MIT Press</subfield>
      <subfield code="c"> , 1994</subfield>
    </datafield>
    <datafield tag="650" ind1=" " ind2=" ">
      <subfield code="a"> PROGRAMACION GENETICA (INFORMATICA)</subfield>
    </datafield>
    <datafield tag="942" ind1=" " ind2=" ">
      <subfield code="c">BK</subfield>
    </datafield>
    <datafield tag="952" ind1=" " ind2=" ">
      <subfield code="a">BIB_RECT</subfield>
      <subfield code="b">BIB_UACO</subfield>
      <subfield code="d">2017-12-20</subfield>
      <subfield code="y">BK</subfield>
      <subfield code="p">02-05982</subfield>
      <subfield code="i">02-05982</subfield>
      <subfield code="g">390</subfield>
      <subfield code="o">004.42 A244a</subfield>
      <subfield code="e">Fomec 585</subfield>
      <subfield code="8">CG</subfield>
    </datafield>
  </record>