
  <record>
    <leader>01000aam  22002601a 4500</leader>
    <controlfield tag="001">YPZ101073</controlfield>
    <controlfield tag="003">YPZ</controlfield>
    <controlfield tag="005">201712201035550</controlfield>
    <controlfield tag="008">171220|###########||||||b||||||||||spa|d</controlfield>
    <datafield tag="020" ind1=" " ind2=" ">
      <subfield code="a">9684514492 (segunda edición)</subfield>
    </datafield>
    <datafield tag="040" ind1=" " ind2=" ">
      <subfield code="c">SIUNPA</subfield>
    </datafield>
    <datafield tag="041" ind1=" " ind2=" ">
      <subfield code="a">spa</subfield>
    </datafield>
    <datafield tag="044" ind1=" " ind2=" ">
      <subfield code="a">MX</subfield>
    </datafield>
    <datafield tag="080" ind1=" " ind2=" ">
      <subfield code="a">65.01 K193a4</subfield>
    </datafield>
    <datafield tag="100" ind1=" " ind2=" ">
      <subfield code="a">Kast, Fremont E..</subfield>
    </datafield>
    <datafield tag="700" ind1=" " ind2=" ">
      <subfield code="a">Rosenzweig, James E..</subfield>
    </datafield>
    <datafield tag="245" ind1=" " ind2=" ">
      <subfield code="a">Administración en las organizaciones</subfield>
      <subfield code="b"> : enfoque de sistemas y de contingencias</subfield>
      <subfield code="c"> / Malfavón Martínez, Marco Antonio, tr. ; Fernández de Miguel, Jorge, rev. tec. ; Méndez Alvarez, Carlos Eduardo, rev. tec.</subfield>
    </datafield>
    <datafield tag="250" ind1=" " ind2=" ">
      <subfield code="a">4a ed., (2a ed. español)</subfield>
    </datafield>
    <datafield tag="260" ind1=" " ind2=" ">
      <subfield code="a">México, D.F.</subfield>
      <subfield code="b"> : McGraw-Hill</subfield>
      <subfield code="c"> , 1997</subfield>
    </datafield>
    <datafield tag="650" ind1=" " ind2=" ">
      <subfield code="a"> ADMINISTRACION DE EMPRESAS</subfield>
    </datafield>
    <datafield tag="650" ind1=" " ind2=" ">
      <subfield code="a"> GESTION EMPRESARIAL</subfield>
    </datafield>
    <datafield tag="942" ind1=" " ind2=" ">
      <subfield code="c">BK</subfield>
    </datafield>
    <datafield tag="952" ind1=" " ind2=" ">
      <subfield code="a">BIB_RECT</subfield>
      <subfield code="b">BIB_UACO</subfield>
      <subfield code="d">2017-12-20</subfield>
      <subfield code="y">BK</subfield>
      <subfield code="p">02-06001</subfield>
      <subfield code="i">02-06001</subfield>
      <subfield code="g">690</subfield>
      <subfield code="o">65.01 K193a4</subfield>
      <subfield code="e">Fomec 585</subfield>
      <subfield code="8">CG</subfield>
    </datafield>
    <datafield tag="952" ind1=" " ind2=" ">
      <subfield code="a">BIB_RECT</subfield>
      <subfield code="b">BIB_UACO</subfield>
      <subfield code="d">2017-12-20</subfield>
      <subfield code="y">BK</subfield>
      <subfield code="p">02-06002</subfield>
      <subfield code="i">02-06002</subfield>
      <subfield code="g">690</subfield>
      <subfield code="o">65.01 K193a4</subfield>
      <subfield code="e">Fomec 585</subfield>
      <subfield code="8">CG</subfield>
    </datafield>
    <datafield tag="952" ind1=" " ind2=" ">
      <subfield code="a">BIB_RECT</subfield>
      <subfield code="b">BIB_UACO</subfield>
      <subfield code="d">2017-12-20</subfield>
      <subfield code="y">BK</subfield>
      <subfield code="p">02-06003</subfield>
      <subfield code="i">02-06003</subfield>
      <subfield code="g">692</subfield>
      <subfield code="o">65.01 K193a4</subfield>
      <subfield code="e">Fomec 585</subfield>
      <subfield code="8">CG</subfield>
    </datafield>
    <datafield tag="952" ind1=" " ind2=" ">
      <subfield code="a">BIB_RECT</subfield>
      <subfield code="b">BIB_UACO</subfield>
      <subfield code="d">2017-12-20</subfield>
      <subfield code="y">BK</subfield>
      <subfield code="p">02-06004</subfield>
      <subfield code="i">02-06004</subfield>
      <subfield code="g">690</subfield>
      <subfield code="o">65.01 K193a4</subfield>
      <subfield code="e">Fomec 585</subfield>
      <subfield code="8">CG</subfield>
    </datafield>
    <datafield tag="952" ind1=" " ind2=" ">
      <subfield code="a">BIB_RECT</subfield>
      <subfield code="b">BIB_UACO</subfield>
      <subfield code="d">2017-12-20</subfield>
      <subfield code="y">BK</subfield>
      <subfield code="p">02-06005</subfield>
      <subfield code="i">02-06005</subfield>
      <subfield code="g">690</subfield>
      <subfield code="o">65.01 K193a4</subfield>
      <subfield code="e">Fomec 585</subfield>
      <subfield code="8">CG</subfield>
    </datafield>
    <datafield tag="952" ind1=" " ind2=" ">
      <subfield code="a">BIB_RECT</subfield>
      <subfield code="b">BIB_UACO</subfield>
      <subfield code="d">2017-12-20</subfield>
      <subfield code="y">BK</subfield>
      <subfield code="p">02-06006</subfield>
      <subfield code="i">02-06006</subfield>
      <subfield code="g">690</subfield>
      <subfield code="o">65.01 K193a4</subfield>
      <subfield code="e">Fomec 585</subfield>
      <subfield code="8">CG</subfield>
    </datafield>
    <datafield tag="952" ind1=" " ind2=" ">
      <subfield code="a">BIB_RECT</subfield>
      <subfield code="b">BIB_UACO</subfield>
      <subfield code="d">2017-12-20</subfield>
      <subfield code="y">BK</subfield>
      <subfield code="p">02-06007</subfield>
      <subfield code="i">02-06007</subfield>
      <subfield code="g">690</subfield>
      <subfield code="o">65.01 K193a4</subfield>
      <subfield code="e">Fomec 585</subfield>
      <subfield code="8">CG</subfield>
    </datafield>
  </record>