
  <record>
    <leader>01000aam  22002601a 4500</leader>
    <controlfield tag="001">YPZ101085</controlfield>
    <controlfield tag="003">YPZ</controlfield>
    <controlfield tag="005">201802050955180</controlfield>
    <controlfield tag="008">180205|###########||||||b||||||||||spa|d</controlfield>
    <datafield tag="020" ind1=" " ind2=" ">
      <subfield code="a">9789872922405</subfield>
    </datafield>
    <datafield tag="040" ind1=" " ind2=" ">
      <subfield code="c">SIUNPA</subfield>
    </datafield>
    <datafield tag="041" ind1=" " ind2=" ">
      <subfield code="a">spa</subfield>
    </datafield>
    <datafield tag="044" ind1=" " ind2=" ">
      <subfield code="a">AR</subfield>
    </datafield>
    <datafield tag="080" ind1=" " ind2=" ">
      <subfield code="a">14 D348sa</subfield>
    </datafield>
    <datafield tag="245" ind1=" " ind2=" ">
      <subfield code="a">El saber</subfield>
      <subfield code="b"> : curso sobre Foucault</subfield>
      <subfield code="c"> / Ires, Pablo, tr. ; Puente, Sebastián, tr.</subfield>
    </datafield>
    <datafield tag="250" ind1=" " ind2=" ">
      <subfield code="a">1a ed., 1a reimpr.</subfield>
    </datafield>
    <datafield tag="260" ind1=" " ind2=" ">
      <subfield code="a">Buenos Aires</subfield>
      <subfield code="b"> : Cactus</subfield>
      <subfield code="c"> , 2015</subfield>
    </datafield>
    <datafield tag="440" ind1=" " ind2=" ">
      <subfield code="a">Aula XXI / Santillana</subfield>
      <subfield code="a">Amarilla</subfield>
      <subfield code="a">Voces de la educación</subfield>
      <subfield code="a">ALBA / Guías para padres</subfield>
      <subfield code="a">Colección ¿querés saber?</subfield>
      <subfield code="a">Colección Psicología. Sección Pedagogía</subfield>
      <subfield code="a">Colección ¿querés saber?</subfield>
      <subfield code="a">Sociedad / Biblos</subfield>
      <subfield code="a">Serie clases</subfield>
      <subfield code="v">11</subfield>
    </datafield>
    <datafield tag="490" ind1=" " ind2=" ">
      <subfield code="a">Aula XXI / Santillana</subfield>
      <subfield code="a">Amarilla</subfield>
      <subfield code="a">Voces de la educación</subfield>
      <subfield code="a">ALBA / Guías para padres</subfield>
      <subfield code="a">Colección ¿querés saber?</subfield>
      <subfield code="a">Colección Psicología. Sección Pedagogía</subfield>
      <subfield code="a">Colección ¿querés saber?</subfield>
      <subfield code="a">Sociedad / Biblos</subfield>
      <subfield code="a">Serie clases</subfield>
      <subfield code="v">11</subfield>
    </datafield>
    <datafield tag="650" ind1=" " ind2=" ">
      <subfield code="a"/>
    </datafield>
    <datafield tag="650" ind1=" " ind2=" ">
      <subfield code="a"> FILOSOFIA POLITICA </subfield>
    </datafield>
    <datafield tag="650" ind1=" " ind2=" ">
      <subfield code="a"> INVESTIGACION</subfield>
    </datafield>
    <datafield tag="650" ind1=" " ind2=" ">
      <subfield code="a"> FILOSOFOS</subfield>
    </datafield>
    <datafield tag="650" ind1=" " ind2=" ">
      <subfield code="a"> FOUCAULT, MICHEL (1926</subfield>
    </datafield>
    <datafield tag="650" ind1=" " ind2=" ">
      <subfield code="a">1984)</subfield>
    </datafield>
    <datafield tag="942" ind1=" " ind2=" ">
      <subfield code="c">BK</subfield>
    </datafield>
    <datafield tag="952" ind1=" " ind2=" ">
      <subfield code="a">BIB_RECT</subfield>
      <subfield code="b">BIB_UACO</subfield>
      <subfield code="d">2018-02-05</subfield>
      <subfield code="y">BK</subfield>
      <subfield code="p">02-49424</subfield>
      <subfield code="i">02-49424</subfield>
      <subfield code="g">195</subfield>
      <subfield code="o">14 D348sa</subfield>
      <subfield code="e">Compra SIUNPA/17</subfield>
      <subfield code="8">CG</subfield>
    </datafield>
    <datafield tag="952" ind1=" " ind2=" ">
      <subfield code="a">BIB_RECT</subfield>
      <subfield code="b">BIB_UACO</subfield>
      <subfield code="d">2018-02-05</subfield>
      <subfield code="y">BK</subfield>
      <subfield code="p">02-49425</subfield>
      <subfield code="i">02-49425</subfield>
      <subfield code="g">195</subfield>
      <subfield code="o">14 D348sa</subfield>
      <subfield code="e">Compra SIUNPA/17</subfield>
      <subfield code="8">CG</subfield>
    </datafield>
  </record>