
  <record>
    <leader>01000aam  22002601a 4500</leader>
    <controlfield tag="001">YPZ101094</controlfield>
    <controlfield tag="003">YPZ</controlfield>
    <controlfield tag="005">201802051324270</controlfield>
    <controlfield tag="008">180205|###########||||||b||||||||||spa|d</controlfield>
    <datafield tag="020" ind1=" " ind2=" ">
      <subfield code="a">9788436259063 (t.1)</subfield>
    </datafield>
    <datafield tag="020" ind1=" " ind2=" ">
      <subfield code="a">9788436261448 (t.2)</subfield>
    </datafield>
    <datafield tag="040" ind1=" " ind2=" ">
      <subfield code="c">SIUNPA</subfield>
    </datafield>
    <datafield tag="041" ind1=" " ind2=" ">
      <subfield code="a">spa</subfield>
    </datafield>
    <datafield tag="044" ind1=" " ind2=" ">
      <subfield code="a">ES</subfield>
    </datafield>
    <datafield tag="080" ind1=" " ind2=" ">
      <subfield code="a">911 G345g</subfield>
    </datafield>
    <datafield tag="100" ind1=" " ind2=" ">
      <subfield code="a">Aguilera Arilla, María José.</subfield>
    </datafield>
    <datafield tag="700" ind1=" " ind2=" ">
      <subfield code="a">Borderías Uribeondo, María Pilar.</subfield>
    </datafield>
    <datafield tag="700" ind1=" " ind2=" ">
      <subfield code="a">González Yanci, María Pilar.</subfield>
    </datafield>
    <datafield tag="700" ind1=" " ind2=" ">
      <subfield code="a">Santos Preciados, José Miguel.</subfield>
    </datafield>
    <datafield tag="245" ind1=" " ind2=" ">
      <subfield code="a">Geografía general</subfield>
    </datafield>
    <datafield tag="250" ind1=" " ind2=" ">
      <subfield code="a">1a ed.</subfield>
    </datafield>
    <datafield tag="260" ind1=" " ind2=" ">
      <subfield code="a">Madrid</subfield>
      <subfield code="b"> : Universidad Nacional de Educación a Distancia, UNED</subfield>
      <subfield code="c"> , c2009</subfield>
    </datafield>
    <datafield tag="300" ind1=" " ind2=" ">
      <subfield code="a">xviii, 269 p. : </subfield>
      <subfield code="b">il. ; </subfield>
      <subfield code="a">279 p. : </subfield>
      <subfield code="b">il. ; </subfield>
      <subfield code="a">451 p. : </subfield>
      <subfield code="a">xviii, 185 p. : </subfield>
      <subfield code="b">il. ; </subfield>
      <subfield code="a">287 p. : </subfield>
      <subfield code="b">il. ; </subfield>
      <subfield code="a">287 p. : </subfield>
      <subfield code="a">68 p. : </subfield>
      <subfield code="a">xx, 352 p. : </subfield>
      <subfield code="b">il. ; </subfield>
      <subfield code="a">82 p. : </subfield>
      <subfield code="b">il. ; </subfield>
      <subfield code="a">xi, 677 p. : </subfield>
      <subfield code="b">il. ; </subfield>
      <subfield code="a">153 p. : </subfield>
      <subfield code="a">xvi, 670 p. : </subfield>
      <subfield code="b">il. ; </subfield>
      <subfield code="a">xxiii, 283 p. : </subfield>
      <subfield code="b">il. ; </subfield>
      <subfield code="a">517 p. : </subfield>
      <subfield code="b">il. ; </subfield>
      <subfield code="a">117 p. : </subfield>
      <subfield code="b">il. ; </subfield>
      <subfield code="a">162 p. : </subfield>
      <subfield code="a">307 p. : </subfield>
      <subfield code="a">147 p. : </subfield>
      <subfield code="a">xiv, 375 p. : </subfield>
      <subfield code="b">il. ; </subfield>
      <subfield code="a">215 p. : </subfield>
      <subfield code="b">il. ; </subfield>
      <subfield code="a">458 p. : </subfield>
      <subfield code="b">il. ; </subfield>
      <subfield code="a">194 p. : </subfield>
      <subfield code="a">135 p. : </subfield>
      <subfield code="b">il. ; </subfield>
      <subfield code="a">v. : </subfield>
      <subfield code="b">il. ; </subfield>
      <subfield code="a">156 p. : </subfield>
      <subfield code="b">il. ; </subfield>
      <subfield code="a">270 p. : </subfield>
      <subfield code="a">437 p. : </subfield>
      <subfield code="b">il. ; </subfield>
      <subfield code="a">xiii, 367 p. : </subfield>
      <subfield code="b">il. ; </subfield>
      <subfield code="a">1296  p. : </subfield>
      <subfield code="a">xiv, 389 p. : </subfield>
      <subfield code="b">il. ; </subfield>
      <subfield code="a">xxiii, 663 p. : </subfield>
      <subfield code="b">il. ; </subfield>
      <subfield code="a">xii, 812 p. : </subfield>
      <subfield code="b">il. ; </subfield>
      <subfield code="a">269 p. : </subfield>
      <subfield code="a">v. : </subfield>
      <subfield code="b">il. ; </subfield>
      <subfield code="a">231 p. : </subfield>
      <subfield code="b">il. ; </subfield>
      <subfield code="a">v. : </subfield>
      <subfield code="b">il. ; </subfield>
      <subfield code="a">535 p. : </subfield>
      <subfield code="b">il. ; </subfield>
      <subfield code="a">xxxiv, 1190 p. : </subfield>
      <subfield code="b">il. ; </subfield>
      <subfield code="a">x, 518 p. : </subfield>
      <subfield code="b">il. ; </subfield>
      <subfield code="a">1 v. (en varias paginaciones) : </subfield>
      <subfield code="b">il. ; </subfield>
      <subfield code="a">237 p. : </subfield>
      <subfield code="a">103 p. : </subfield>
      <subfield code="a">xii, 754 p. : </subfield>
      <subfield code="b">il. ; </subfield>
      <subfield code="a">vi, 167 p. : </subfield>
      <subfield code="b">il. ; </subfield>
      <subfield code="a">895 p. : </subfield>
      <subfield code="b">il. ; </subfield>
      <subfield code="a">xiii, 198 p. : </subfield>
      <subfield code="b">il. ; </subfield>
      <subfield code="a">xxix, 486 p. : </subfield>
      <subfield code="b">il. ; </subfield>
      <subfield code="a">115 p. : </subfield>
      <subfield code="a">170 p. : </subfield>
      <subfield code="b">il. ; </subfield>
      <subfield code="a">234 p. : </subfield>
      <subfield code="b">il. ; </subfield>
      <subfield code="a">[30] p. : </subfield>
      <subfield code="b">il. ; </subfield>
      <subfield code="a">182 p. : </subfield>
      <subfield code="b">il. ; </subfield>
      <subfield code="a">[32] p. : </subfield>
      <subfield code="b">il. ; </subfield>
      <subfield code="a">344 p. : </subfield>
      <subfield code="b">il. ; </subfield>
      <subfield code="a">254 p. : </subfield>
      <subfield code="a">252 p. : </subfield>
      <subfield code="a">717 p. : </subfield>
      <subfield code="a">235 p. : </subfield>
      <subfield code="a">367 p. : </subfield>
      <subfield code="a">xxvii, [644] p. en varias paginaciones : </subfield>
      <subfield code="b">il. ; </subfield>
      <subfield code="a">343 p. : </subfield>
      <subfield code="a">481 p. : </subfield>
      <subfield code="b">il. ; </subfield>
      <subfield code="a">272 p. : </subfield>
      <subfield code="a">2 v. : </subfield>
      <subfield code="b">il. ; </subfield>
      <subfield code="e">2 DVD en bolsillo</subfield>
    </datafield>
    <datafield tag="500" ind1=" " ind2=" ">
      <subfield code="a">El año de reimpresión varía según el ejemplar</subfield>
    </datafield>
    <datafield tag="650" ind1=" " ind2=" ">
      <subfield code="a"> GEOGRAFIA FISICA  GEOGRAFIA HUMANA</subfield>
    </datafield>
    <datafield tag="942" ind1=" " ind2=" ">
      <subfield code="c">BK</subfield>
    </datafield>
    <datafield tag="952" ind1=" " ind2=" ">
      <subfield code="a">BIB_RECT</subfield>
      <subfield code="b">BIB_UARG</subfield>
      <subfield code="d">2018-02-05</subfield>
      <subfield code="y">BK</subfield>
      <subfield code="p">05-49442</subfield>
      <subfield code="i">05-49442</subfield>
      <subfield code="g">1190</subfield>
      <subfield code="o">911 G345g</subfield>
      <subfield code="e">Compra SIUNPA/17</subfield>
      <subfield code="8">CG</subfield>
    </datafield>
    <datafield tag="952" ind1=" " ind2=" ">
      <subfield code="a">BIB_RECT</subfield>
      <subfield code="b">BIB_UARG</subfield>
      <subfield code="d">2018-02-05</subfield>
      <subfield code="y">BK</subfield>
      <subfield code="p">05-49443</subfield>
      <subfield code="i">05-49443</subfield>
      <subfield code="g">983</subfield>
      <subfield code="o">911 G345g</subfield>
      <subfield code="e">Compra SIUNPA/17</subfield>
      <subfield code="8">CG</subfield>
    </datafield>
  </record>