
  <record>
    <leader>01000aam  22002601a 4500</leader>
    <controlfield tag="001">YPZ101101</controlfield>
    <controlfield tag="003">YPZ</controlfield>
    <controlfield tag="005">201802060907530</controlfield>
    <controlfield tag="008">180206|###########||||||b||||||||||spa|d</controlfield>
    <datafield tag="020" ind1=" " ind2=" ">
      <subfield code="a">9788437070339</subfield>
    </datafield>
    <datafield tag="040" ind1=" " ind2=" ">
      <subfield code="c">SIUNPA</subfield>
    </datafield>
    <datafield tag="041" ind1=" " ind2=" ">
      <subfield code="a">spa</subfield>
    </datafield>
    <datafield tag="044" ind1=" " ind2=" ">
      <subfield code="a">ES</subfield>
    </datafield>
    <datafield tag="080" ind1=" " ind2=" ">
      <subfield code="a">378.4 O329o</subfield>
    </datafield>
    <datafield tag="100" ind1=" " ind2=" ">
      <subfield code="a">Ariño Villarroya, Antonio.</subfield>
    </datafield>
    <datafield tag="700" ind1=" " ind2=" ">
      <subfield code="a">Hernández Pedreño, Manuel.</subfield>
    </datafield>
    <datafield tag="700" ind1=" " ind2=" ">
      <subfield code="a">Llopis Goig, Ramón.</subfield>
    </datafield>
    <datafield tag="700" ind1=" " ind2=" ">
      <subfield code="a">Navarro Sustaeta, Pablo.</subfield>
    </datafield>
    <datafield tag="700" ind1=" " ind2=" ">
      <subfield code="a">Tejerina Montaña, Benjamín.</subfield>
    </datafield>
    <datafield tag="245" ind1=" " ind2=" ">
      <subfield code="a">El oficio de estudiar en la universidad</subfield>
      <subfield code="b"> : compromisos flexibles</subfield>
      <subfield code="c"> / Ariño Villarroya, Antonio, dir.</subfield>
    </datafield>
    <datafield tag="260" ind1=" " ind2=" ">
      <subfield code="a">València</subfield>
      <subfield code="b"> : Universitat de València</subfield>
      <subfield code="c"> , 2008</subfield>
    </datafield>
    <datafield tag="440" ind1=" " ind2=" ">
      <subfield code="a">Lectores / Eudeba</subfield>
      <subfield code="a">Investigaciones y ensayos / Biblos</subfield>
      <subfield code="a">Sección de obras de Filosofía</subfield>
      <subfield code="a">Espacios para la lectura</subfield>
      <subfield code="a">Espacios para la lectura</subfield>
      <subfield code="a">UNED. Cuaderno de prácticas</subfield>
      <subfield code="a">Sección de obras de Historia</subfield>
      <subfield code="a">Educació. Informes i dossiers</subfield>
      <subfield code="v">9</subfield>
    </datafield>
    <datafield tag="490" ind1=" " ind2=" ">
      <subfield code="a">Lectores / Eudeba</subfield>
      <subfield code="a">Investigaciones y ensayos / Biblos</subfield>
      <subfield code="a">Sección de obras de Filosofía</subfield>
      <subfield code="a">Espacios para la lectura</subfield>
      <subfield code="a">Espacios para la lectura</subfield>
      <subfield code="a">UNED. Cuaderno de prácticas</subfield>
      <subfield code="a">Sección de obras de Historia</subfield>
      <subfield code="a">Educació. Informes i dossiers</subfield>
      <subfield code="v">9</subfield>
    </datafield>
    <datafield tag="650" ind1=" " ind2=" ">
      <subfield code="a"> UNIVERSIDADES</subfield>
    </datafield>
    <datafield tag="650" ind1=" " ind2=" ">
      <subfield code="a"> ESTUDIANTES UNIVERSITARIOS</subfield>
    </datafield>
    <datafield tag="650" ind1=" " ind2=" ">
      <subfield code="a"> ESPAÑA</subfield>
    </datafield>
    <datafield tag="942" ind1=" " ind2=" ">
      <subfield code="c">BK</subfield>
    </datafield>
    <datafield tag="952" ind1=" " ind2=" ">
      <subfield code="a">BIB_RECT</subfield>
      <subfield code="b">BIB_UARG</subfield>
      <subfield code="d">2018-02-06</subfield>
      <subfield code="y">BK</subfield>
      <subfield code="p">05-49440</subfield>
      <subfield code="i">05-49440</subfield>
      <subfield code="g">324</subfield>
      <subfield code="o">378.4 O329o</subfield>
      <subfield code="e">Compra SIUNPA/17</subfield>
      <subfield code="8">CG</subfield>
    </datafield>
  </record>