
  <record>
    <leader>01000aam  22002601a 4500</leader>
    <controlfield tag="001">YPZ101139</controlfield>
    <controlfield tag="003">YPZ</controlfield>
    <controlfield tag="005">201802091218370</controlfield>
    <controlfield tag="008">180209|###########||||||b||||||||||spa|d</controlfield>
    <datafield tag="040" ind1=" " ind2=" ">
      <subfield code="c">SIUNPA</subfield>
    </datafield>
    <datafield tag="041" ind1=" " ind2=" ">
      <subfield code="a">spa</subfield>
    </datafield>
    <datafield tag="044" ind1=" " ind2=" ">
      <subfield code="a">AR</subfield>
    </datafield>
    <datafield tag="080" ind1=" " ind2=" ">
      <subfield code="a">615.01 L777f5</subfield>
    </datafield>
    <datafield tag="100" ind1=" " ind2=" ">
      <subfield code="a">Litter, Manuel.</subfield>
    </datafield>
    <datafield tag="245" ind1=" " ind2=" ">
      <subfield code="a">Farmacología experimental y clínica</subfield>
    </datafield>
    <datafield tag="250" ind1=" " ind2=" ">
      <subfield code="a">5a ed., 2a reimpr.</subfield>
    </datafield>
    <datafield tag="260" ind1=" " ind2=" ">
      <subfield code="a">Buenos Aires</subfield>
      <subfield code="b"> : El Ateneo</subfield>
      <subfield code="c"> , 1979</subfield>
    </datafield>
    <datafield tag="650" ind1=" " ind2=" ">
      <subfield code="a"> FARMACOLOGIA</subfield>
    </datafield>
    <datafield tag="942" ind1=" " ind2=" ">
      <subfield code="c">BK</subfield>
    </datafield>
    <datafield tag="952" ind1=" " ind2=" ">
      <subfield code="a">BIB_RECT</subfield>
      <subfield code="b">BIB_UARG</subfield>
      <subfield code="d">2018-02-09</subfield>
      <subfield code="y">BK</subfield>
      <subfield code="p">05-04137</subfield>
      <subfield code="i">05-04137</subfield>
      <subfield code="g">750</subfield>
      <subfield code="o">615.01 L777f5</subfield>
      <subfield code="e">Donación</subfield>
      <subfield code="8">CG</subfield>
    </datafield>
  </record>