
  <record>
    <leader>01000aam  22002601a 4500</leader>
    <controlfield tag="001">YPZ101150</controlfield>
    <controlfield tag="003">YPZ</controlfield>
    <controlfield tag="005">201802141045370</controlfield>
    <controlfield tag="008">180214|###########||||||b||||||||||spa|d</controlfield>
    <datafield tag="040" ind1=" " ind2=" ">
      <subfield code="c">SIUNPA</subfield>
    </datafield>
    <datafield tag="041" ind1=" " ind2=" ">
      <subfield code="a">spa</subfield>
    </datafield>
    <datafield tag="044" ind1=" " ind2=" ">
      <subfield code="a">AR</subfield>
    </datafield>
    <datafield tag="080" ind1=" " ind2=" ">
      <subfield code="a">159.964.2 N964n</subfield>
    </datafield>
    <datafield tag="245" ind1=" " ind2=" ">
      <subfield code="a">Nuevas direcciones en psicoanálisis</subfield>
      <subfield code="b"> : la significación del conflicto infantil en la pauta de la conducta adulta</subfield>
      <subfield code="c"> / Klein, Melanie, ed. ; Heimann, Paula, ed. ; Money-Kyrle, R.E., ed. ; Zysman, Samuel, tr. ; Clifford, W., colab. ; Scott, M., colab. ; Evans, G., colab. ; ... [et al.]</subfield>
    </datafield>
    <datafield tag="250" ind1=" " ind2=" ">
      <subfield code="a">1a ed.</subfield>
    </datafield>
    <datafield tag="260" ind1=" " ind2=" ">
      <subfield code="a">Buenos Aires</subfield>
      <subfield code="b"> : Paidós</subfield>
      <subfield code="c"> , 1965</subfield>
    </datafield>
    <datafield tag="440" ind1=" " ind2=" ">
      <subfield code="a">Biblioteca de Psiquiatría, psicopatología y psicosomática</subfield>
      <subfield code="v">10</subfield>
    </datafield>
    <datafield tag="490" ind1=" " ind2=" ">
      <subfield code="a">Biblioteca de Psiquiatría, psicopatología y psicosomática</subfield>
      <subfield code="v">10</subfield>
    </datafield>
    <datafield tag="650" ind1=" " ind2=" ">
      <subfield code="a"> PSICOANALISIS</subfield>
    </datafield>
    <datafield tag="942" ind1=" " ind2=" ">
      <subfield code="c">BK</subfield>
    </datafield>
    <datafield tag="952" ind1=" " ind2=" ">
      <subfield code="a">BIB_RECT</subfield>
      <subfield code="b">BIB_UARG</subfield>
      <subfield code="d">2018-02-14</subfield>
      <subfield code="y">BK</subfield>
      <subfield code="p">05-00164</subfield>
      <subfield code="i">05-00164</subfield>
      <subfield code="g">390</subfield>
      <subfield code="o">159.964.2 N964n</subfield>
      <subfield code="e">Migración UARG</subfield>
      <subfield code="8">CG</subfield>
    </datafield>
    <datafield tag="952" ind1=" " ind2=" ">
      <subfield code="a">BIB_RECT</subfield>
      <subfield code="b">BIB_UARG</subfield>
      <subfield code="d">2018-02-14</subfield>
      <subfield code="y">BK</subfield>
      <subfield code="p">05-05488</subfield>
      <subfield code="i">05-05488</subfield>
      <subfield code="g">390</subfield>
      <subfield code="o">159.964.2 N964n</subfield>
      <subfield code="e">Donación</subfield>
      <subfield code="8">CG</subfield>
    </datafield>
  </record>