
  <record>
    <leader>01000aam  22002601a 4500</leader>
    <controlfield tag="001">YPZ101154</controlfield>
    <controlfield tag="003">YPZ</controlfield>
    <controlfield tag="005">201802141211190</controlfield>
    <controlfield tag="008">180214|###########||||||b||||||||||spa|d</controlfield>
    <datafield tag="020" ind1=" " ind2=" ">
      <subfield code="a">8449416213</subfield>
    </datafield>
    <datafield tag="040" ind1=" " ind2=" ">
      <subfield code="c">SIUNPA</subfield>
    </datafield>
    <datafield tag="041" ind1=" " ind2=" ">
      <subfield code="a">spa</subfield>
    </datafield>
    <datafield tag="044" ind1=" " ind2=" ">
      <subfield code="a">ES</subfield>
    </datafield>
    <datafield tag="080" ind1=" " ind2=" ">
      <subfield code="a">614.253.5 M294ma</subfield>
    </datafield>
    <datafield tag="245" ind1=" " ind2=" ">
      <subfield code="a">Manual de la enfermería</subfield>
    </datafield>
    <datafield tag="260" ind1=" " ind2=" ">
      <subfield code="a">Barcelona</subfield>
      <subfield code="b"> : Oceano/Centrum</subfield>
      <subfield code="c"> , 1997</subfield>
    </datafield>
    <datafield tag="300" ind1=" " ind2=" ">
      <subfield code="a">iv, 392 p. : </subfield>
      <subfield code="b">il. ; </subfield>
      <subfield code="a">348 p. : </subfield>
      <subfield code="a">258 p. : </subfield>
      <subfield code="b">il. ; </subfield>
      <subfield code="a">170 p. : </subfield>
      <subfield code="b">il. ; </subfield>
      <subfield code="a">489 p. : </subfield>
      <subfield code="b">il. ; </subfield>
      <subfield code="a">216 p. : </subfield>
      <subfield code="a">271 p. : </subfield>
      <subfield code="b">il. ; </subfield>
      <subfield code="a">182 p. : </subfield>
      <subfield code="a">227 p. : </subfield>
      <subfield code="b">il. ; </subfield>
      <subfield code="a">128 p. : </subfield>
      <subfield code="a">176 p. : </subfield>
      <subfield code="a">202 p. : </subfield>
      <subfield code="b">il. ; </subfield>
      <subfield code="a">227 p. : </subfield>
      <subfield code="b">il. ; </subfield>
      <subfield code="a">187 p. : </subfield>
      <subfield code="b">il. ; </subfield>
      <subfield code="a">xl, 258 p. : </subfield>
      <subfield code="a">165 p. : </subfield>
      <subfield code="a">166 p. : </subfield>
      <subfield code="b">il. ; </subfield>
      <subfield code="a">xvi, 549 p. : </subfield>
      <subfield code="b">il. ; </subfield>
      <subfield code="a">70 p. : </subfield>
      <subfield code="b">il. ; </subfield>
      <subfield code="a">176 p. : </subfield>
      <subfield code="b">il. ; </subfield>
      <subfield code="a">163 p. : </subfield>
      <subfield code="b">il. ; </subfield>
      <subfield code="a">356 p. : </subfield>
      <subfield code="a">429 p. : </subfield>
      <subfield code="b">il. ; </subfield>
      <subfield code="a">306 p. : </subfield>
      <subfield code="b">il. ; </subfield>
      <subfield code="a">285 p. : </subfield>
      <subfield code="a">111 p. : </subfield>
      <subfield code="b">il. ; </subfield>
      <subfield code="a">103 p. : </subfield>
      <subfield code="b">il. ; </subfield>
      <subfield code="a">276 p. : </subfield>
      <subfield code="a">285 p. : </subfield>
      <subfield code="b">il. ; </subfield>
      <subfield code="a">144 p. : </subfield>
      <subfield code="a">123 p. : </subfield>
      <subfield code="b">il. ; </subfield>
      <subfield code="a">223 p. : </subfield>
      <subfield code="a">341 p. : </subfield>
      <subfield code="a">152 p. : </subfield>
      <subfield code="b">il. ; </subfield>
      <subfield code="a">212 p. : </subfield>
      <subfield code="b">il. ; </subfield>
      <subfield code="a">1 estuche : </subfield>
      <subfield code="b">il., mapas, planos ; </subfield>
      <subfield code="a">1 estuche : </subfield>
      <subfield code="b">il. ; </subfield>
      <subfield code="a">47 p. : </subfield>
      <subfield code="b">il. ; </subfield>
      <subfield code="a">xxiii, 766 p. : </subfield>
      <subfield code="b">il. ; </subfield>
      <subfield code="a">ix, 932 p. : </subfield>
      <subfield code="b">il. ; </subfield>
      <subfield code="a">xv, 1962 p. : </subfield>
      <subfield code="b">il. ; </subfield>
      <subfield code="a">431 p. : </subfield>
      <subfield code="b">il. ; </subfield>
      <subfield code="a">79 p. : </subfield>
      <subfield code="b">il. ; </subfield>
      <subfield code="a">307 p. : </subfield>
      <subfield code="a">xix, 878 p. : </subfield>
      <subfield code="b">il. ; </subfield>
      <subfield code="a">288 p. : </subfield>
      <subfield code="b">il. ; </subfield>
      <subfield code="a">1 v. (en varias paginaciones) : </subfield>
      <subfield code="b">il. ; </subfield>
      <subfield code="a">xi, 312 p. : </subfield>
      <subfield code="b">il. ; </subfield>
      <subfield code="a">713 p. : </subfield>
      <subfield code="b">il. ; </subfield>
      <subfield code="a">424 p. : </subfield>
      <subfield code="b">il. ; </subfield>
      <subfield code="a">355 p. : </subfield>
      <subfield code="a">492 p. : </subfield>
      <subfield code="a">xx, 900 p. : </subfield>
      <subfield code="b">il. ; </subfield>
      <subfield code="a">xii, 779 p. : </subfield>
      <subfield code="b">il. ; </subfield>
      <subfield code="a">346 p. : </subfield>
      <subfield code="b">il. ; </subfield>
      <subfield code="a">xvi, 1168 p. : </subfield>
      <subfield code="b">il. ; </subfield>
      <subfield code="e">1 CD-ROM en bolsillo</subfield>
    </datafield>
    <datafield tag="500" ind1=" " ind2=" ">
      <subfield code="a">El ejemplar 49470 no poseen CD-ROM</subfield>
    </datafield>
    <datafield tag="650" ind1=" " ind2=" ">
      <subfield code="a"> ENFERMERIA</subfield>
    </datafield>
    <datafield tag="650" ind1=" " ind2=" ">
      <subfield code="a"> SERVICIOS DE ENFERMERIA</subfield>
    </datafield>
    <datafield tag="942" ind1=" " ind2=" ">
      <subfield code="c">BK</subfield>
    </datafield>
    <datafield tag="952" ind1=" " ind2=" ">
      <subfield code="a">BIB_RECT</subfield>
      <subfield code="b">BIB_UART</subfield>
      <subfield code="d">2018-02-14</subfield>
      <subfield code="y">BK</subfield>
      <subfield code="p">03-01475</subfield>
      <subfield code="i">03-01475</subfield>
      <subfield code="g">590</subfield>
      <subfield code="o">614.253.5 M294ma</subfield>
      <subfield code="e">SIUNPA</subfield>
      <subfield code="8">CG</subfield>
    </datafield>
    <datafield tag="952" ind1=" " ind2=" ">
      <subfield code="a">BIB_RECT</subfield>
      <subfield code="b">BIB_UARG</subfield>
      <subfield code="d">2018-02-14</subfield>
      <subfield code="y">BK</subfield>
      <subfield code="p">05-49470</subfield>
      <subfield code="i">05-49470</subfield>
      <subfield code="g">890</subfield>
      <subfield code="o">614.253.5 M294ma</subfield>
      <subfield code="e">Donación</subfield>
      <subfield code="8">CG</subfield>
    </datafield>
  </record>