
  <record>
    <leader>01000aam  22002601a 4500</leader>
    <controlfield tag="001">YPZ101167</controlfield>
    <controlfield tag="003">YPZ</controlfield>
    <controlfield tag="005">201802161015250</controlfield>
    <controlfield tag="008">180216|###########||||||b||||||||||spa|d</controlfield>
    <datafield tag="040" ind1=" " ind2=" ">
      <subfield code="c">SIUNPA</subfield>
    </datafield>
    <datafield tag="041" ind1=" " ind2=" ">
      <subfield code="a">spa</subfield>
    </datafield>
    <datafield tag="044" ind1=" " ind2=" ">
      <subfield code="a">AR</subfield>
    </datafield>
    <datafield tag="080" ind1=" " ind2=" ">
      <subfield code="a">7.031.2 E822e</subfield>
    </datafield>
    <datafield tag="245" ind1=" " ind2=" ">
      <subfield code="a">Estrategia de ordenamiento y gestión del área cuenca media e inferior del Río Pinturas</subfield>
      <subfield code="a">Estrategia de ordenamiento y gestión cuenca media e inferior del Río Pinturas</subfield>
    </datafield>
    <datafield tag="260" ind1=" " ind2=" ">
      <subfield code="a">[Río Gallegos]</subfield>
      <subfield code="b"> : Dirección de Patrimonio Cultural, Secretaría de Estado de Cultura de Santa Cruz</subfield>
      <subfield code="c"> , 2013</subfield>
    </datafield>
    <datafield tag="500" ind1=" " ind2=" ">
      <subfield code="a">En portada: Informe final agosto 2012/agosto2013</subfield>
    </datafield>
    <datafield tag="650" ind1=" " ind2=" ">
      <subfield code="a"> ARTE RUPESTRE</subfield>
    </datafield>
    <datafield tag="650" ind1=" " ind2=" ">
      <subfield code="a"> ARTE ANTIGUO</subfield>
    </datafield>
    <datafield tag="650" ind1=" " ind2=" ">
      <subfield code="a"> RIO PINTURA (SANTA CRUZ) </subfield>
    </datafield>
    <datafield tag="650" ind1=" " ind2=" ">
      <subfield code="a"> PATRIMONIO CULTURAL</subfield>
    </datafield>
    <datafield tag="650" ind1=" " ind2=" ">
      <subfield code="a"> SANTA CRUZ (ARGENTINA)</subfield>
    </datafield>
    <datafield tag="942" ind1=" " ind2=" ">
      <subfield code="c">BK</subfield>
    </datafield>
    <datafield tag="952" ind1=" " ind2=" ">
      <subfield code="a">BIB_RECT</subfield>
      <subfield code="b">BIB_UARG</subfield>
      <subfield code="d">2018-02-16</subfield>
      <subfield code="y">BK</subfield>
      <subfield code="p">05-49475</subfield>
      <subfield code="i">05-49475</subfield>
      <subfield code="g">230</subfield>
      <subfield code="o">7.031.2 E822e</subfield>
      <subfield code="e">Espinoza, Silvana</subfield>
      <subfield code="8">CG</subfield>
    </datafield>
  </record>