
  <record>
    <leader>01000aam  22002601a 4500</leader>
    <controlfield tag="001">YPZ101181</controlfield>
    <controlfield tag="003">YPZ</controlfield>
    <controlfield tag="005">201802200951560</controlfield>
    <controlfield tag="008">180220|###########||||||b||||||||||spa|d</controlfield>
    <datafield tag="020" ind1=" " ind2=" ">
      <subfield code="a">8474327755</subfield>
    </datafield>
    <datafield tag="040" ind1=" " ind2=" ">
      <subfield code="c">SIUNPA</subfield>
    </datafield>
    <datafield tag="041" ind1=" " ind2=" ">
      <subfield code="a">spa</subfield>
    </datafield>
    <datafield tag="044" ind1=" " ind2=" ">
      <subfield code="a">ES</subfield>
    </datafield>
    <datafield tag="080" ind1=" " ind2=" ">
      <subfield code="a">364.01 K189p</subfield>
    </datafield>
    <datafield tag="100" ind1=" " ind2=" ">
      <subfield code="a">Karsz, Saül.</subfield>
    </datafield>
    <datafield tag="245" ind1=" " ind2=" ">
      <subfield code="a">Problematizar el trabajo social</subfield>
      <subfield code="b"> : definición, figuras, clínica</subfield>
      <subfield code="c"> / Agoff, Irene, tr. ; Karsz, Saül, tr.</subfield>
    </datafield>
    <datafield tag="250" ind1=" " ind2=" ">
      <subfield code="a">1a ed.</subfield>
    </datafield>
    <datafield tag="260" ind1=" " ind2=" ">
      <subfield code="a">Barcelona</subfield>
      <subfield code="b"> : Gedisa</subfield>
      <subfield code="c"> , 2007</subfield>
    </datafield>
    <datafield tag="440" ind1=" " ind2=" ">
      <subfield code="a">Biblioteca nueva universidad. Manuales y obras de referencia. Serie Psicología</subfield>
      <subfield code="a">Pedagogía / Morata</subfield>
      <subfield code="a">Educación crítica y debate</subfield>
      <subfield code="a">Gedisa_cult.</subfield>
      <subfield code="a">Biblioteca de educación. Serie Pedagogía y trabajo social</subfield>
      <subfield code="v">9</subfield>
    </datafield>
    <datafield tag="490" ind1=" " ind2=" ">
      <subfield code="a">Biblioteca nueva universidad. Manuales y obras de referencia. Serie Psicología</subfield>
      <subfield code="a">Pedagogía / Morata</subfield>
      <subfield code="a">Educación crítica y debate</subfield>
      <subfield code="a">Gedisa_cult.</subfield>
      <subfield code="a">Biblioteca de educación. Serie Pedagogía y trabajo social</subfield>
      <subfield code="v">9</subfield>
    </datafield>
    <datafield tag="650" ind1=" " ind2=" ">
      <subfield code="a"> TRABAJO SOCIAL</subfield>
    </datafield>
    <datafield tag="650" ind1=" " ind2=" ">
      <subfield code="a"> TEORIA DEL TRABAJO SOCIAL</subfield>
    </datafield>
    <datafield tag="650" ind1=" " ind2=" ">
      <subfield code="a"> ASISTENCIA SOCIAL</subfield>
    </datafield>
    <datafield tag="942" ind1=" " ind2=" ">
      <subfield code="c">BK</subfield>
    </datafield>
    <datafield tag="952" ind1=" " ind2=" ">
      <subfield code="a">BIB_RECT</subfield>
      <subfield code="b">BIB_UASJ</subfield>
      <subfield code="d">2018-02-20</subfield>
      <subfield code="y">BK</subfield>
      <subfield code="p">04-49504</subfield>
      <subfield code="i">04-49504</subfield>
      <subfield code="g">590</subfield>
      <subfield code="o">364.01 K189p</subfield>
      <subfield code="e">Compra SIUNPA/17</subfield>
      <subfield code="8">CG</subfield>
    </datafield>
  </record>