
  <record>
    <leader>01000aam  22002601a 4500</leader>
    <controlfield tag="001">YPZ101194</controlfield>
    <controlfield tag="003">YPZ</controlfield>
    <controlfield tag="005">201802220811070</controlfield>
    <controlfield tag="008">180222|###########||||||b||||||||||spa|d</controlfield>
    <datafield tag="020" ind1=" " ind2=" ">
      <subfield code="a">9879516060</subfield>
    </datafield>
    <datafield tag="040" ind1=" " ind2=" ">
      <subfield code="c">SIUNPA</subfield>
    </datafield>
    <datafield tag="041" ind1=" " ind2=" ">
      <subfield code="a">spa</subfield>
    </datafield>
    <datafield tag="044" ind1=" " ind2=" ">
      <subfield code="a">AR</subfield>
    </datafield>
    <datafield tag="080" ind1=" " ind2=" ">
      <subfield code="a">342.4 D148m</subfield>
    </datafield>
    <datafield tag="100" ind1=" " ind2=" ">
      <subfield code="a">Dalmazzo, Omar Antonio.</subfield>
    </datafield>
    <datafield tag="245" ind1=" " ind2=" ">
      <subfield code="a">Manual de derecho constitucional argentino</subfield>
      <subfield code="b"> : constitución de la nación argentina comentada y anotada</subfield>
    </datafield>
    <datafield tag="260" ind1=" " ind2=" ">
      <subfield code="a">Buenos Aires</subfield>
      <subfield code="b"> : Instituto Nacional Browniano, Secretaría de Cultura, Presidencia de la Nación</subfield>
      <subfield code="c"> , 1998</subfield>
    </datafield>
    <datafield tag="500" ind1=" " ind2=" ">
      <subfield code="a">Contiene: Instituciones de derecho público - Historia - Doctrina - Tratados - Legislación - Jurisprudencia - Constitución de la ciudad de Buenos Aires</subfield>
    </datafield>
    <datafield tag="650" ind1=" " ind2=" ">
      <subfield code="a"> DERECHO CONSTITUCIONAL</subfield>
    </datafield>
    <datafield tag="650" ind1=" " ind2=" ">
      <subfield code="a"> BUENOS AIRES (ARGENTINA) </subfield>
    </datafield>
    <datafield tag="650" ind1=" " ind2=" ">
      <subfield code="a"> CONSTITUCION</subfield>
    </datafield>
    <datafield tag="650" ind1=" " ind2=" ">
      <subfield code="a"> ARGENTINA</subfield>
    </datafield>
    <datafield tag="942" ind1=" " ind2=" ">
      <subfield code="c">BK</subfield>
    </datafield>
    <datafield tag="952" ind1=" " ind2=" ">
      <subfield code="a">BIB_RECT</subfield>
      <subfield code="b">BIB_UART</subfield>
      <subfield code="d">2018-02-22</subfield>
      <subfield code="y">BK</subfield>
      <subfield code="p">03-01891</subfield>
      <subfield code="i">03-01891</subfield>
      <subfield code="g">390</subfield>
      <subfield code="o">342.4 D148m</subfield>
      <subfield code="e">Don. Dr. MARIO ROJAS</subfield>
      <subfield code="8">CG</subfield>
    </datafield>
    <datafield tag="952" ind1=" " ind2=" ">
      <subfield code="a">BIB_RECT</subfield>
      <subfield code="b">BIB_UARG</subfield>
      <subfield code="d">2018-02-22</subfield>
      <subfield code="y">BK</subfield>
      <subfield code="p">05-16384</subfield>
      <subfield code="i">05-16384</subfield>
      <subfield code="g">390</subfield>
      <subfield code="o">342.4 D148m</subfield>
      <subfield code="e">Dalmazzo, Omar Antonio</subfield>
      <subfield code="8">CG</subfield>
    </datafield>
  </record>