
  <record>
    <leader>01000aam  22002601a 4500</leader>
    <controlfield tag="001">YPZ101248</controlfield>
    <controlfield tag="003">YPZ</controlfield>
    <controlfield tag="005">201803011243000</controlfield>
    <controlfield tag="008">180301|###########||||||b||||||||||spa|d</controlfield>
    <datafield tag="020" ind1=" " ind2=" ">
      <subfield code="a">9789506415310</subfield>
    </datafield>
    <datafield tag="040" ind1=" " ind2=" ">
      <subfield code="c">SIUNPA</subfield>
    </datafield>
    <datafield tag="041" ind1=" " ind2=" ">
      <subfield code="a">spa</subfield>
    </datafield>
    <datafield tag="044" ind1=" " ind2=" ">
      <subfield code="a">AR</subfield>
    </datafield>
    <datafield tag="080" ind1=" " ind2=" ">
      <subfield code="a">37(091) C753c</subfield>
    </datafield>
    <datafield tag="245" ind1=" " ind2=" ">
      <subfield code="a">El conocimiento escolar en una perspectiva histórica y comparativa</subfield>
      <subfield code="b"> : cambios de currículos en la educación primaria y secundaria</subfield>
      <subfield code="c"> / Benavot, Aaron, comp. ; Braslavsky, Cecilia, comp. ; Truong, Nhung, colab. ; Llach, Santiago, tr.</subfield>
    </datafield>
    <datafield tag="260" ind1=" " ind2=" ">
      <subfield code="a">Buenos Aires</subfield>
      <subfield code="b"> : Granica</subfield>
      <subfield code="c"> , 2008</subfield>
    </datafield>
    <datafield tag="650" ind1=" " ind2=" ">
      <subfield code="a"> HISTORIA DE LA EDUCACION</subfield>
    </datafield>
    <datafield tag="650" ind1=" " ind2=" ">
      <subfield code="a"> EDUCACION COMPARADA</subfield>
    </datafield>
    <datafield tag="650" ind1=" " ind2=" ">
      <subfield code="a"> CURRICULUM ESCOLAR</subfield>
    </datafield>
    <datafield tag="942" ind1=" " ind2=" ">
      <subfield code="c">BK</subfield>
    </datafield>
    <datafield tag="952" ind1=" " ind2=" ">
      <subfield code="a">BIB_RECT</subfield>
      <subfield code="b">BIB_UACO</subfield>
      <subfield code="d">2018-03-01</subfield>
      <subfield code="y">BK</subfield>
      <subfield code="p">02-49528</subfield>
      <subfield code="i">02-49528</subfield>
      <subfield code="g">450</subfield>
      <subfield code="o">37(091) C753c</subfield>
      <subfield code="e">PI. 29B/171/14</subfield>
      <subfield code="8">CG</subfield>
    </datafield>
  </record>