
  <record>
    <leader>01000aam  22002601a 4500</leader>
    <controlfield tag="001">YPZ101251</controlfield>
    <controlfield tag="003">YPZ</controlfield>
    <controlfield tag="005">201803011415250</controlfield>
    <controlfield tag="008">180301|###########||||||b||||||||||spa|d</controlfield>
    <datafield tag="020" ind1=" " ind2=" ">
      <subfield code="a">8496571351</subfield>
    </datafield>
    <datafield tag="020" ind1=" " ind2=" ">
      <subfield code="a">9788496571358</subfield>
    </datafield>
    <datafield tag="040" ind1=" " ind2=" ">
      <subfield code="c">SIUNPA</subfield>
    </datafield>
    <datafield tag="041" ind1=" " ind2=" ">
      <subfield code="a">spa</subfield>
    </datafield>
    <datafield tag="044" ind1=" " ind2=" ">
      <subfield code="a">AR</subfield>
    </datafield>
    <datafield tag="080" ind1=" " ind2=" ">
      <subfield code="a">37.013 C753c</subfield>
    </datafield>
    <datafield tag="245" ind1=" " ind2=" ">
      <subfield code="a">Conocimiento escolar y cultura institucional</subfield>
      <subfield code="b"> : la transposición del conocimiento en circuitos escolares diferenciados</subfield>
      <subfield code="c"> / Brandi, Lía Stella, dir. ; Filippa, Nelly, equipo de investigación ; Berenguer, Josefa, equipo de investigación ; Schiattino, Elizabeth, equipo de investigación ; ... [et al.]</subfield>
    </datafield>
    <datafield tag="250" ind1=" " ind2=" ">
      <subfield code="a">1a ed.</subfield>
    </datafield>
    <datafield tag="260" ind1=" " ind2=" ">
      <subfield code="a">Buenos Aires</subfield>
      <subfield code="b"> : Instituto de Investigaciones en Ciencias de la Educación, Facultad de Filosofía, Humanidades y Artes, Universidad Nacional de San Juan</subfield>
      <subfield code="c"> , 2006</subfield>
    </datafield>
    <datafield tag="650" ind1=" " ind2=" ">
      <subfield code="a"> PEDAGOGIA</subfield>
    </datafield>
    <datafield tag="650" ind1=" " ind2=" ">
      <subfield code="a"> EDUCACION</subfield>
    </datafield>
    <datafield tag="942" ind1=" " ind2=" ">
      <subfield code="c">BK</subfield>
    </datafield>
    <datafield tag="952" ind1=" " ind2=" ">
      <subfield code="a">BIB_RECT</subfield>
      <subfield code="b">BIB_UACO</subfield>
      <subfield code="d">2018-03-01</subfield>
      <subfield code="y">BK</subfield>
      <subfield code="p">02-49522</subfield>
      <subfield code="i">02-49522</subfield>
      <subfield code="g">275</subfield>
      <subfield code="o">37.013 C753c</subfield>
      <subfield code="e">PI. 29B/171/14</subfield>
      <subfield code="8">CG</subfield>
    </datafield>
  </record>