
  <record>
    <leader>01000aam  22002601a 4500</leader>
    <controlfield tag="001">YPZ101252</controlfield>
    <controlfield tag="003">YPZ</controlfield>
    <controlfield tag="005">201803050823210</controlfield>
    <controlfield tag="008">180305|###########||||||b||||||||||spa|d</controlfield>
    <datafield tag="040" ind1=" " ind2=" ">
      <subfield code="c">SIUNPA</subfield>
    </datafield>
    <datafield tag="041" ind1=" " ind2=" ">
      <subfield code="a">spa</subfield>
    </datafield>
    <datafield tag="044" ind1=" " ind2=" ">
      <subfield code="a">AR</subfield>
    </datafield>
    <datafield tag="080" ind1=" " ind2=" ">
      <subfield code="a">821.134.2(100)(091)</subfield>
    </datafield>
    <datafield tag="245" ind1=" " ind2=" ">
      <subfield code="a">La literatura del siglo XIX</subfield>
      <subfield code="b"> : las literaturas nacionales</subfield>
      <subfield code="c"> / Rest, Jaime, supervisión técnica</subfield>
    </datafield>
    <datafield tag="260" ind1=" " ind2=" ">
      <subfield code="a">Buenos Aires</subfield>
      <subfield code="b"> : Centro Editor de América Latina</subfield>
      <subfield code="c"> , 1969</subfield>
    </datafield>
    <datafield tag="440" ind1=" " ind2=" ">
      <subfield code="a">Colección actualización pedagógica</subfield>
      <subfield code="a">Colección del estante. Serie educación</subfield>
      <subfield code="a">Educación crítica y debate</subfield>
      <subfield code="a">Lcrj' docencia. Serie del dicho al hecho</subfield>
      <subfield code="a">Educación crítica y debate</subfield>
      <subfield code="v">Historia de la literatura mundial</subfield>
    </datafield>
    <datafield tag="490" ind1=" " ind2=" ">
      <subfield code="a">Colección actualización pedagógica</subfield>
      <subfield code="a">Colección del estante. Serie educación</subfield>
      <subfield code="a">Educación crítica y debate</subfield>
      <subfield code="a">Lcrj' docencia. Serie del dicho al hecho</subfield>
      <subfield code="a">Educación crítica y debate</subfield>
      <subfield code="v">Historia de la literatura mundial</subfield>
    </datafield>
    <datafield tag="650" ind1=" " ind2=" ">
      <subfield code="a"> HISTORIA DE LA LITERATURA UNIVERSAL</subfield>
    </datafield>
    <datafield tag="650" ind1=" " ind2=" ">
      <subfield code="a"> SIGLO XIX</subfield>
    </datafield>
    <datafield tag="942" ind1=" " ind2=" ">
      <subfield code="c">BK</subfield>
    </datafield>
    <datafield tag="952" ind1=" " ind2=" ">
      <subfield code="a">BIB_RECT</subfield>
      <subfield code="b">BIB_UARG</subfield>
      <subfield code="d">2018-03-05</subfield>
      <subfield code="y">BK</subfield>
      <subfield code="p">05-46471</subfield>
      <subfield code="i">05-46471</subfield>
      <subfield code="g">150</subfield>
      <subfield code="o">821.134.2(100)(091)</subfield>
      <subfield code="e">Don. Flia. Celada</subfield>
      <subfield code="8">CG</subfield>
    </datafield>
  </record>