
  <record>
    <leader>01000aam  22002601a 4500</leader>
    <controlfield tag="001">YPZ101258</controlfield>
    <controlfield tag="003">YPZ</controlfield>
    <controlfield tag="005">201803090826490</controlfield>
    <controlfield tag="008">180309|###########||||||b||||||||||spa|d</controlfield>
    <datafield tag="020" ind1=" " ind2=" ">
      <subfield code="a">9501261034</subfield>
    </datafield>
    <datafield tag="040" ind1=" " ind2=" ">
      <subfield code="c">SIUNPA</subfield>
    </datafield>
    <datafield tag="041" ind1=" " ind2=" ">
      <subfield code="a">spa</subfield>
    </datafield>
    <datafield tag="044" ind1=" " ind2=" ">
      <subfield code="a">AR</subfield>
    </datafield>
    <datafield tag="080" ind1=" " ind2=" ">
      <subfield code="a">373.23 M837j</subfield>
    </datafield>
    <datafield tag="100" ind1=" " ind2=" ">
      <subfield code="a">Moreau de Linares, Lucía.</subfield>
    </datafield>
    <datafield tag="245" ind1=" " ind2=" ">
      <subfield code="a">El jardín maternal</subfield>
      <subfield code="b"> : entre la intuición y el saber</subfield>
    </datafield>
    <datafield tag="250" ind1=" " ind2=" ">
      <subfield code="a">1a ed.</subfield>
    </datafield>
    <datafield tag="260" ind1=" " ind2=" ">
      <subfield code="a">Buenos Aires</subfield>
      <subfield code="b"> : Paidós</subfield>
      <subfield code="c"> , 1995</subfield>
    </datafield>
    <datafield tag="500" ind1=" " ind2=" ">
      <subfield code="a">El año de reimpresión varía según el ejemplar</subfield>
    </datafield>
    <datafield tag="650" ind1=" " ind2=" ">
      <subfield code="a"> JARDINES DE INFANCIA</subfield>
    </datafield>
    <datafield tag="650" ind1=" " ind2=" ">
      <subfield code="a"> ESCUELAS MATERNALES</subfield>
    </datafield>
    <datafield tag="650" ind1=" " ind2=" ">
      <subfield code="a"> GUARDERIAS</subfield>
    </datafield>
    <datafield tag="942" ind1=" " ind2=" ">
      <subfield code="c">BK</subfield>
    </datafield>
    <datafield tag="952" ind1=" " ind2=" ">
      <subfield code="a">BIB_RECT</subfield>
      <subfield code="b">BIB_UACO</subfield>
      <subfield code="d">2018-03-09</subfield>
      <subfield code="y">BK</subfield>
      <subfield code="p">02-03465</subfield>
      <subfield code="i">02-03465</subfield>
      <subfield code="g">230</subfield>
      <subfield code="o">373.23 M837j</subfield>
      <subfield code="e">Migración UACO</subfield>
      <subfield code="8">CG</subfield>
    </datafield>
    <datafield tag="952" ind1=" " ind2=" ">
      <subfield code="a">BIB_RECT</subfield>
      <subfield code="b">BIB_UACO</subfield>
      <subfield code="d">2018-03-09</subfield>
      <subfield code="y">BK</subfield>
      <subfield code="p">02-05127</subfield>
      <subfield code="i">02-05127</subfield>
      <subfield code="g">230</subfield>
      <subfield code="o">373.23 M837j</subfield>
      <subfield code="e">Migración UACO</subfield>
      <subfield code="8">CG</subfield>
    </datafield>
    <datafield tag="952" ind1=" " ind2=" ">
      <subfield code="a">BIB_RECT</subfield>
      <subfield code="b">BIB_UART</subfield>
      <subfield code="d">2018-03-09</subfield>
      <subfield code="y">BK</subfield>
      <subfield code="p">03-00307</subfield>
      <subfield code="i">03-00307</subfield>
      <subfield code="g">234</subfield>
      <subfield code="o">373.23 M837j</subfield>
      <subfield code="e">Migración UART</subfield>
      <subfield code="8">CG</subfield>
    </datafield>
    <datafield tag="952" ind1=" " ind2=" ">
      <subfield code="a">BIB_RECT</subfield>
      <subfield code="b">BIB_UART</subfield>
      <subfield code="d">2018-03-09</subfield>
      <subfield code="y">BK</subfield>
      <subfield code="p">03-00308</subfield>
      <subfield code="i">03-00308</subfield>
      <subfield code="g">234</subfield>
      <subfield code="o">373.23 M837j</subfield>
      <subfield code="e">Migración UART</subfield>
      <subfield code="8">CG</subfield>
    </datafield>
    <datafield tag="952" ind1=" " ind2=" ">
      <subfield code="a">BIB_RECT</subfield>
      <subfield code="b">BIB_UART</subfield>
      <subfield code="d">2018-03-09</subfield>
      <subfield code="y">BK</subfield>
      <subfield code="p">03-00309</subfield>
      <subfield code="i">03-00309</subfield>
      <subfield code="g">230</subfield>
      <subfield code="o">373.23 M837j</subfield>
      <subfield code="e">Migración UART</subfield>
      <subfield code="8">CG</subfield>
    </datafield>
    <datafield tag="952" ind1=" " ind2=" ">
      <subfield code="a">BIB_RECT</subfield>
      <subfield code="b">BIB_UART</subfield>
      <subfield code="d">2018-03-09</subfield>
      <subfield code="y">BK</subfield>
      <subfield code="p">03-00310</subfield>
      <subfield code="i">03-00310</subfield>
      <subfield code="g">230</subfield>
      <subfield code="o">373.23 M837j</subfield>
      <subfield code="e">Migración UART</subfield>
      <subfield code="8">CG</subfield>
    </datafield>
    <datafield tag="952" ind1=" " ind2=" ">
      <subfield code="a">BIB_RECT</subfield>
      <subfield code="b">BIB_UASJ</subfield>
      <subfield code="d">2018-03-09</subfield>
      <subfield code="y">BK</subfield>
      <subfield code="p">04-49569</subfield>
      <subfield code="i">04-49569</subfield>
      <subfield code="g">230</subfield>
      <subfield code="o">373.23 M837j</subfield>
      <subfield code="e">Donación</subfield>
      <subfield code="8">CG</subfield>
    </datafield>
  </record>