
  <record>
    <leader>01000aam  22002601a 4500</leader>
    <controlfield tag="001">YPZ101292</controlfield>
    <controlfield tag="003">YPZ</controlfield>
    <controlfield tag="005">201803140853580</controlfield>
    <controlfield tag="008">180314|###########||||||b||||||||||spa|d</controlfield>
    <datafield tag="020" ind1=" " ind2=" ">
      <subfield code="a">9879286529</subfield>
    </datafield>
    <datafield tag="040" ind1=" " ind2=" ">
      <subfield code="c">SIUNPA</subfield>
    </datafield>
    <datafield tag="041" ind1=" " ind2=" ">
      <subfield code="a">spa</subfield>
    </datafield>
    <datafield tag="044" ind1=" " ind2=" ">
      <subfield code="a">AR</subfield>
    </datafield>
    <datafield tag="080" ind1=" " ind2=" ">
      <subfield code="a">347.6 H117h</subfield>
    </datafield>
    <datafield tag="245" ind1=" " ind2=" ">
      <subfield code="a">Hacia una política pública en desarrollo infantil temprano</subfield>
      <subfield code="b"> : las buenas prácticas</subfield>
      <subfield code="c"> / Morasso, María del Carmen, coord.</subfield>
    </datafield>
    <datafield tag="260" ind1=" " ind2=" ">
      <subfield code="a">Buenos Aires</subfield>
      <subfield code="b"> : UNICEF</subfield>
      <subfield code="c"> , 2005</subfield>
    </datafield>
    <datafield tag="500" ind1=" " ind2=" ">
      <subfield code="a">En portada: sistematización de experiencias, debate y conclusiones</subfield>
    </datafield>
    <datafield tag="650" ind1=" " ind2=" ">
      <subfield code="a"> DERECHOS DEL NIÑO</subfield>
    </datafield>
    <datafield tag="650" ind1=" " ind2=" ">
      <subfield code="a"> DERECHO A LA SALUD</subfield>
    </datafield>
    <datafield tag="650" ind1=" " ind2=" ">
      <subfield code="a"> NIÑOS </subfield>
    </datafield>
    <datafield tag="650" ind1=" " ind2=" ">
      <subfield code="a"> DERECHOS HUMANOS</subfield>
    </datafield>
    <datafield tag="650" ind1=" " ind2=" ">
      <subfield code="a"> DESARROLLO INFANTIL</subfield>
    </datafield>
    <datafield tag="942" ind1=" " ind2=" ">
      <subfield code="c">BK</subfield>
    </datafield>
    <datafield tag="952" ind1=" " ind2=" ">
      <subfield code="a">BIB_RECT</subfield>
      <subfield code="b">BIB_UASJ</subfield>
      <subfield code="d">2018-03-14</subfield>
      <subfield code="y">BK</subfield>
      <subfield code="p">04-49562</subfield>
      <subfield code="i">04-49562</subfield>
      <subfield code="g">300</subfield>
      <subfield code="o">347.6 H117h</subfield>
      <subfield code="e">Donación</subfield>
      <subfield code="8">CG</subfield>
    </datafield>
  </record>