
  <record>
    <leader>01000aam  22002601a 4500</leader>
    <controlfield tag="001">YPZ101294</controlfield>
    <controlfield tag="003">YPZ</controlfield>
    <controlfield tag="005">201803141123340</controlfield>
    <controlfield tag="008">180314|###########||||||b||||||||||spa|d</controlfield>
    <datafield tag="020" ind1=" " ind2=" ">
      <subfield code="a">9701000897</subfield>
    </datafield>
    <datafield tag="040" ind1=" " ind2=" ">
      <subfield code="c">SIUNPA</subfield>
    </datafield>
    <datafield tag="041" ind1=" " ind2=" ">
      <subfield code="a">spa</subfield>
    </datafield>
    <datafield tag="044" ind1=" " ind2=" ">
      <subfield code="a">MX</subfield>
    </datafield>
    <datafield tag="080" ind1=" " ind2=" ">
      <subfield code="a">54 C456q</subfield>
    </datafield>
    <datafield tag="100" ind1=" " ind2=" ">
      <subfield code="a">Chang, Raymond.</subfield>
    </datafield>
    <datafield tag="245" ind1=" " ind2=" ">
      <subfield code="a">Química</subfield>
      <subfield code="b"> : cuarta edición (primera edición en español)</subfield>
      <subfield code="c"> / Bello Garcés, Silvia, tr., rev. técnica y coord. de tr. ; Rojas Hernández, Alberto, tr. ; Acosta Álvarez, Gloria, tr.</subfield>
    </datafield>
    <datafield tag="250" ind1=" " ind2=" ">
      <subfield code="a">1a ed. en español tr. de la 4a ed. en inglés</subfield>
    </datafield>
    <datafield tag="260" ind1=" " ind2=" ">
      <subfield code="a">México, D.F.</subfield>
      <subfield code="b"> : McGraw-Hill</subfield>
      <subfield code="c"> , 1992</subfield>
    </datafield>
    <datafield tag="650" ind1=" " ind2=" ">
      <subfield code="a"> QUIMICA</subfield>
    </datafield>
    <datafield tag="942" ind1=" " ind2=" ">
      <subfield code="c">BK</subfield>
    </datafield>
    <datafield tag="952" ind1=" " ind2=" ">
      <subfield code="a">BIB_RECT</subfield>
      <subfield code="b">BIB_UACO</subfield>
      <subfield code="d">2018-03-14</subfield>
      <subfield code="y">BK</subfield>
      <subfield code="p">02-04289</subfield>
      <subfield code="i">02-04289</subfield>
      <subfield code="g">650</subfield>
      <subfield code="o">54 C456q</subfield>
      <subfield code="e">Migración UACO</subfield>
      <subfield code="8">CG</subfield>
    </datafield>
    <datafield tag="952" ind1=" " ind2=" ">
      <subfield code="a">BIB_RECT</subfield>
      <subfield code="b">BIB_UACO</subfield>
      <subfield code="d">2018-03-14</subfield>
      <subfield code="y">BK</subfield>
      <subfield code="p">02-04290</subfield>
      <subfield code="i">02-04290</subfield>
      <subfield code="g">650</subfield>
      <subfield code="o">54 C456q</subfield>
      <subfield code="e">Migración UACO</subfield>
      <subfield code="8">CG</subfield>
    </datafield>
    <datafield tag="952" ind1=" " ind2=" ">
      <subfield code="a">BIB_RECT</subfield>
      <subfield code="b">BIB_UACO</subfield>
      <subfield code="d">2018-03-14</subfield>
      <subfield code="y">BK</subfield>
      <subfield code="p">02-04291</subfield>
      <subfield code="i">02-04291</subfield>
      <subfield code="g">650</subfield>
      <subfield code="o">54 C456q</subfield>
      <subfield code="e">Migración UACO</subfield>
      <subfield code="8">CG</subfield>
    </datafield>
    <datafield tag="952" ind1=" " ind2=" ">
      <subfield code="a">BIB_RECT</subfield>
      <subfield code="b">BIB_UACO</subfield>
      <subfield code="d">2018-03-14</subfield>
      <subfield code="y">BK</subfield>
      <subfield code="p">02-04292</subfield>
      <subfield code="i">02-04292</subfield>
      <subfield code="g">650</subfield>
      <subfield code="o">54 C456q</subfield>
      <subfield code="e">Migración UACO</subfield>
      <subfield code="8">CG</subfield>
    </datafield>
    <datafield tag="952" ind1=" " ind2=" ">
      <subfield code="a">BIB_RECT</subfield>
      <subfield code="b">BIB_UACO</subfield>
      <subfield code="d">2018-03-14</subfield>
      <subfield code="y">BK</subfield>
      <subfield code="p">02-04293</subfield>
      <subfield code="i">02-04293</subfield>
      <subfield code="g">650</subfield>
      <subfield code="o">54 C456q</subfield>
      <subfield code="e">Migración UACO</subfield>
      <subfield code="8">CG</subfield>
    </datafield>
    <datafield tag="952" ind1=" " ind2=" ">
      <subfield code="a">BIB_RECT</subfield>
      <subfield code="b">BIB_UASJ</subfield>
      <subfield code="d">2018-03-14</subfield>
      <subfield code="y">BK</subfield>
      <subfield code="p">04-00869</subfield>
      <subfield code="i">04-00869</subfield>
      <subfield code="g">650</subfield>
      <subfield code="o">54 C456q</subfield>
      <subfield code="e">Migración UASJ</subfield>
      <subfield code="8">CG</subfield>
    </datafield>
    <datafield tag="952" ind1=" " ind2=" ">
      <subfield code="a">BIB_RECT</subfield>
      <subfield code="b">BIB_UASJ</subfield>
      <subfield code="d">2018-03-14</subfield>
      <subfield code="y">BK</subfield>
      <subfield code="p">04-49566</subfield>
      <subfield code="i">04-49566</subfield>
      <subfield code="g">650</subfield>
      <subfield code="o">54 C456q</subfield>
      <subfield code="e">Donación</subfield>
      <subfield code="8">CG</subfield>
    </datafield>
  </record>