
  <record>
    <leader>01000aam  22002601a 4500</leader>
    <controlfield tag="001">YPZ101299</controlfield>
    <controlfield tag="003">YPZ</controlfield>
    <controlfield tag="005">201803161036360</controlfield>
    <controlfield tag="008">180316|###########||||||b||||||||||spa|d</controlfield>
    <datafield tag="020" ind1=" " ind2=" ">
      <subfield code="a">9502303601</subfield>
    </datafield>
    <datafield tag="040" ind1=" " ind2=" ">
      <subfield code="c">SIUNPA</subfield>
    </datafield>
    <datafield tag="041" ind1=" " ind2=" ">
      <subfield code="a">spa</subfield>
    </datafield>
    <datafield tag="044" ind1=" " ind2=" ">
      <subfield code="a">AR</subfield>
    </datafield>
    <datafield tag="080" ind1=" " ind2=" ">
      <subfield code="a">159.9 E825e4</subfield>
    </datafield>
    <datafield tag="245" ind1=" " ind2=" ">
      <subfield code="a">Estudio de la conducta humana</subfield>
    </datafield>
    <datafield tag="250" ind1=" " ind2=" ">
      <subfield code="a">4a ed.</subfield>
    </datafield>
    <datafield tag="260" ind1=" " ind2=" ">
      <subfield code="a">Buenos Aires</subfield>
      <subfield code="b"> : Eudeba</subfield>
      <subfield code="c"> , 1992</subfield>
    </datafield>
    <datafield tag="440" ind1=" " ind2=" ">
      <subfield code="a">Educación especial</subfield>
      <subfield code="a">Cuadernos para el docente</subfield>
      <subfield code="a">Nuevas tendencias en la enseñanza superior</subfield>
      <subfield code="a">Biblioteca filosófica</subfield>
      <subfield code="a">UBA XXI. Psicología</subfield>
      <subfield code="v">Módulo 2</subfield>
    </datafield>
    <datafield tag="490" ind1=" " ind2=" ">
      <subfield code="a">Educación especial</subfield>
      <subfield code="a">Cuadernos para el docente</subfield>
      <subfield code="a">Nuevas tendencias en la enseñanza superior</subfield>
      <subfield code="a">Biblioteca filosófica</subfield>
      <subfield code="a">UBA XXI. Psicología</subfield>
      <subfield code="v">Módulo 2</subfield>
    </datafield>
    <datafield tag="650" ind1=" " ind2=" ">
      <subfield code="a"> PSICOLOGIA</subfield>
    </datafield>
    <datafield tag="650" ind1=" " ind2=" ">
      <subfield code="a"> CONDUCTISMO</subfield>
    </datafield>
    <datafield tag="650" ind1=" " ind2=" ">
      <subfield code="a"> TEORIAS PSICOLOGICAS</subfield>
    </datafield>
    <datafield tag="942" ind1=" " ind2=" ">
      <subfield code="c">BK</subfield>
    </datafield>
    <datafield tag="952" ind1=" " ind2=" ">
      <subfield code="a">BIB_RECT</subfield>
      <subfield code="b">BIB_UACO</subfield>
      <subfield code="d">2018-03-14</subfield>
      <subfield code="y">BK</subfield>
      <subfield code="p">02-49574</subfield>
      <subfield code="i">02-49574</subfield>
      <subfield code="g">50</subfield>
      <subfield code="o">159.9 E825e4</subfield>
      <subfield code="e">Don. Prof. Coetzee, Yaqueline</subfield>
      <subfield code="8">CG</subfield>
    </datafield>
  </record>