
  <record>
    <leader>01000aam  22002601a 4500</leader>
    <controlfield tag="001">YPZ101306</controlfield>
    <controlfield tag="003">YPZ</controlfield>
    <controlfield tag="005">201803190900400</controlfield>
    <controlfield tag="008">180319|###########||||||b||||||||||spa|d</controlfield>
    <datafield tag="020" ind1=" " ind2=" ">
      <subfield code="a">9789505362431</subfield>
    </datafield>
    <datafield tag="040" ind1=" " ind2=" ">
      <subfield code="c">SIUNPA</subfield>
    </datafield>
    <datafield tag="041" ind1=" " ind2=" ">
      <subfield code="a">spa</subfield>
    </datafield>
    <datafield tag="044" ind1=" " ind2=" ">
      <subfield code="a">AR</subfield>
    </datafield>
    <datafield tag="080" ind1=" " ind2=" ">
      <subfield code="a">338.12 K926d</subfield>
    </datafield>
    <datafield tag="100" ind1=" " ind2=" ">
      <subfield code="a">Krikorian, Marcelo.</subfield>
    </datafield>
    <datafield tag="245" ind1=" " ind2=" ">
      <subfield code="a">Derechos humanos, políticas públicas y rol del FMI</subfield>
      <subfield code="b"> : tensiones, errores no asumidos y replanteos</subfield>
      <subfield code="c"> / Bonatto, Enrique Horacio, ed. al cuidado de</subfield>
    </datafield>
    <datafield tag="260" ind1=" " ind2=" ">
      <subfield code="a">La Plata</subfield>
      <subfield code="b"> : Platense</subfield>
      <subfield code="c"> , 2013</subfield>
    </datafield>
    <datafield tag="500" ind1=" " ind2=" ">
      <subfield code="a">En cub. y portada: Principios fundamentales que rigen los derechos económicos, sociales y culturales. Reformas aplicadas en Argentina durante la convertibilidad y su impacto en materia de derechos humanos. Influencia del FMI y posterior autoevaluación. Notas de actualidad sobre Argentina, el FMI y la crisis de Europa</subfield>
    </datafield>
    <datafield tag="650" ind1=" " ind2=" ">
      <subfield code="a"> CRISIS ECONOMICA  CICLOS ECONOMICO</subfield>
    </datafield>
    <datafield tag="650" ind1=" " ind2=" ">
      <subfield code="a"> DESARROLLO ECONOMICO Y SOCIAL</subfield>
    </datafield>
    <datafield tag="650" ind1=" " ind2=" ">
      <subfield code="a"> FONDO MONETARIO INTERNACIONAL</subfield>
    </datafield>
    <datafield tag="650" ind1=" " ind2=" ">
      <subfield code="a"> RELACIONES INTERNACIONALES</subfield>
    </datafield>
    <datafield tag="650" ind1=" " ind2=" ">
      <subfield code="a"> POLITICA ECONOMICA</subfield>
    </datafield>
    <datafield tag="942" ind1=" " ind2=" ">
      <subfield code="c">BK</subfield>
    </datafield>
    <datafield tag="952" ind1=" " ind2=" ">
      <subfield code="a">BIB_RECT</subfield>
      <subfield code="b">BIB_UARG</subfield>
      <subfield code="d">2018-03-15</subfield>
      <subfield code="y">BK</subfield>
      <subfield code="p">05-49584</subfield>
      <subfield code="i">05-49584</subfield>
      <subfield code="g">380</subfield>
      <subfield code="o">338.12 K926d</subfield>
      <subfield code="e">Don. Krikorian, Marcelo</subfield>
      <subfield code="8">CG</subfield>
    </datafield>
  </record>