
  <record>
    <leader>01000aam  22002601a 4500</leader>
    <controlfield tag="001">YPZ101310</controlfield>
    <controlfield tag="003">YPZ</controlfield>
    <controlfield tag="005">201803191048170</controlfield>
    <controlfield tag="008">180319|###########||||||b||||||||||spa|d</controlfield>
    <datafield tag="020" ind1=" " ind2=" ">
      <subfield code="a">8476007699</subfield>
    </datafield>
    <datafield tag="040" ind1=" " ind2=" ">
      <subfield code="c">SIUNPA</subfield>
    </datafield>
    <datafield tag="041" ind1=" " ind2=" ">
      <subfield code="a">spa</subfield>
    </datafield>
    <datafield tag="044" ind1=" " ind2=" ">
      <subfield code="a">ES</subfield>
    </datafield>
    <datafield tag="080" ind1=" " ind2=" ">
      <subfield code="a">371.214 C764e2</subfield>
    </datafield>
    <datafield tag="100" ind1=" " ind2=" ">
      <subfield code="a">Contreras Domingo, José.</subfield>
    </datafield>
    <datafield tag="245" ind1=" " ind2=" ">
      <subfield code="a">Enseñanza, curriculum y profesorado</subfield>
      <subfield code="b"> : introducción crítica a la didáctica</subfield>
    </datafield>
    <datafield tag="250" ind1=" " ind2=" ">
      <subfield code="a">2a ed.</subfield>
    </datafield>
    <datafield tag="260" ind1=" " ind2=" ">
      <subfield code="a">Madrid</subfield>
      <subfield code="b"> : Akal</subfield>
      <subfield code="c"> , 1994</subfield>
    </datafield>
    <datafield tag="440" ind1=" " ind2=" ">
      <subfield code="a">Biblioteca pedagógica</subfield>
      <subfield code="a">Akal Universitaria. Serie Pedagogía</subfield>
      <subfield code="v">142</subfield>
    </datafield>
    <datafield tag="490" ind1=" " ind2=" ">
      <subfield code="a">Biblioteca pedagógica</subfield>
      <subfield code="a">Akal Universitaria. Serie Pedagogía</subfield>
      <subfield code="v">142</subfield>
    </datafield>
    <datafield tag="650" ind1=" " ind2=" ">
      <subfield code="a"> PLAN DE ESTUDIOS  CURRICULUM ESCOLAR</subfield>
    </datafield>
    <datafield tag="650" ind1=" " ind2=" ">
      <subfield code="a"> DIDACTICA </subfield>
    </datafield>
    <datafield tag="650" ind1=" " ind2=" ">
      <subfield code="a"> PEDAGOGIA</subfield>
    </datafield>
    <datafield tag="650" ind1=" " ind2=" ">
      <subfield code="a"> METODOS DE ENSEÑANZA</subfield>
    </datafield>
    <datafield tag="942" ind1=" " ind2=" ">
      <subfield code="c">BK</subfield>
    </datafield>
    <datafield tag="952" ind1=" " ind2=" ">
      <subfield code="a">BIB_RECT</subfield>
      <subfield code="b">BIB_UACO</subfield>
      <subfield code="d">2018-03-19</subfield>
      <subfield code="y">BK</subfield>
      <subfield code="p">02-02365</subfield>
      <subfield code="i">02-02365</subfield>
      <subfield code="g">190</subfield>
      <subfield code="o">371.214 C764e2</subfield>
      <subfield code="e">Fomec/97</subfield>
      <subfield code="8">CG</subfield>
    </datafield>
    <datafield tag="952" ind1=" " ind2=" ">
      <subfield code="a">BIB_RECT</subfield>
      <subfield code="b">BIB_UACO</subfield>
      <subfield code="d">2018-03-19</subfield>
      <subfield code="y">BK</subfield>
      <subfield code="p">02-04638</subfield>
      <subfield code="i">02-04638</subfield>
      <subfield code="g">190</subfield>
      <subfield code="o">371.214 C764e2</subfield>
      <subfield code="e">Fomec/97</subfield>
      <subfield code="8">CG</subfield>
    </datafield>
    <datafield tag="952" ind1=" " ind2=" ">
      <subfield code="a">BIB_RECT</subfield>
      <subfield code="b">BIB_UACO</subfield>
      <subfield code="d">2018-03-19</subfield>
      <subfield code="y">BK</subfield>
      <subfield code="p">02-04639</subfield>
      <subfield code="i">02-04639</subfield>
      <subfield code="g">190</subfield>
      <subfield code="o">371.214 C764e2</subfield>
      <subfield code="e">Fomec/97</subfield>
      <subfield code="8">CG</subfield>
    </datafield>
  </record>