
  <record>
    <leader>01000aam  22002601a 4500</leader>
    <controlfield tag="001">YPZ101314</controlfield>
    <controlfield tag="003">YPZ</controlfield>
    <controlfield tag="005">201803200824330</controlfield>
    <controlfield tag="008">180320|###########||||||b||||||||||spa|d</controlfield>
    <datafield tag="020" ind1=" " ind2=" ">
      <subfield code="a">0201002272</subfield>
    </datafield>
    <datafield tag="040" ind1=" " ind2=" ">
      <subfield code="c">SIUNPA</subfield>
    </datafield>
    <datafield tag="041" ind1=" " ind2=" ">
      <subfield code="a">spa</subfield>
    </datafield>
    <datafield tag="044" ind1=" " ind2=" ">
      <subfield code="a">US</subfield>
    </datafield>
    <datafield tag="080" ind1=" " ind2=" ">
      <subfield code="a">531 A454f</subfield>
    </datafield>
    <datafield tag="100" ind1=" " ind2=" ">
      <subfield code="a">Alonso, Marcelo.</subfield>
    </datafield>
    <datafield tag="700" ind1=" " ind2=" ">
      <subfield code="a">Finn, Edward J..</subfield>
    </datafield>
    <datafield tag="245" ind1=" " ind2=" ">
      <subfield code="a">Física</subfield>
      <subfield code="c"> / Hernández, Carlos, versión en español ; Latorre, Víctor, versión en español ; Herkrath, Juan, con la colab.</subfield>
    </datafield>
    <datafield tag="250" ind1=" " ind2=" ">
      <subfield code="a">ed. rev. y aum.</subfield>
    </datafield>
    <datafield tag="260" ind1=" " ind2=" ">
      <subfield code="a">Wilmington, Del.</subfield>
      <subfield code="b"> : Addison-Wesley Iberoamericana</subfield>
      <subfield code="c"> , 1986</subfield>
    </datafield>
    <datafield tag="500" ind1=" " ind2=" ">
      <subfield code="a">La biblioteca posee v.1</subfield>
    </datafield>
    <datafield tag="650" ind1=" " ind2=" ">
      <subfield code="a"> MECANICA</subfield>
    </datafield>
    <datafield tag="650" ind1=" " ind2=" ">
      <subfield code="a"> FISICA</subfield>
    </datafield>
    <datafield tag="942" ind1=" " ind2=" ">
      <subfield code="c">BK</subfield>
    </datafield>
    <datafield tag="952" ind1=" " ind2=" ">
      <subfield code="a">BIB_RECT</subfield>
      <subfield code="b">BIB_UACO</subfield>
      <subfield code="d">2018-03-20</subfield>
      <subfield code="y">BK</subfield>
      <subfield code="p">02-03172</subfield>
      <subfield code="i">02-03172</subfield>
      <subfield code="g">490</subfield>
      <subfield code="o">531 A454f</subfield>
      <subfield code="e">Decanato</subfield>
      <subfield code="8">CG</subfield>
    </datafield>
    <datafield tag="952" ind1=" " ind2=" ">
      <subfield code="a">BIB_RECT</subfield>
      <subfield code="b">BIB_UACO</subfield>
      <subfield code="d">2018-03-20</subfield>
      <subfield code="y">BK</subfield>
      <subfield code="p">02-03173</subfield>
      <subfield code="i">02-03173</subfield>
      <subfield code="g">490</subfield>
      <subfield code="o">531 A454f</subfield>
      <subfield code="e">Desconocido</subfield>
      <subfield code="8">CG</subfield>
    </datafield>
    <datafield tag="952" ind1=" " ind2=" ">
      <subfield code="a">BIB_RECT</subfield>
      <subfield code="b">BIB_UACO</subfield>
      <subfield code="d">2018-03-20</subfield>
      <subfield code="y">BK</subfield>
      <subfield code="p">02-03174</subfield>
      <subfield code="i">02-03174</subfield>
      <subfield code="g">490</subfield>
      <subfield code="o">531 A454f</subfield>
      <subfield code="e">Decanato</subfield>
      <subfield code="8">CG</subfield>
    </datafield>
  </record>