
  <record>
    <leader>01000aam  22002601a 4500</leader>
    <controlfield tag="001">YPZ101320</controlfield>
    <controlfield tag="003">YPZ</controlfield>
    <controlfield tag="005">201803210938060</controlfield>
    <controlfield tag="008">180321|###########||||||b||||||||||spa|d</controlfield>
    <datafield tag="020" ind1=" " ind2=" ">
      <subfield code="a">8429143661 (o.c.)</subfield>
    </datafield>
    <datafield tag="020" ind1=" " ind2=" ">
      <subfield code="a">842914367X (t.1)</subfield>
    </datafield>
    <datafield tag="020" ind1=" " ind2=" ">
      <subfield code="a">8429143688 (t.2)</subfield>
    </datafield>
    <datafield tag="040" ind1=" " ind2=" ">
      <subfield code="c">SIUNPA</subfield>
    </datafield>
    <datafield tag="041" ind1=" " ind2=" ">
      <subfield code="a">spa</subfield>
    </datafield>
    <datafield tag="044" ind1=" " ind2=" ">
      <subfield code="a">ES</subfield>
    </datafield>
    <datafield tag="080" ind1=" " ind2=" ">
      <subfield code="a">53 T595f3</subfield>
    </datafield>
    <datafield tag="100" ind1=" " ind2=" ">
      <subfield code="a">Tipler, Paul A..</subfield>
    </datafield>
    <datafield tag="245" ind1=" " ind2=" ">
      <subfield code="a">Física</subfield>
      <subfield code="b"> : tercera edición</subfield>
      <subfield code="c"> / Peris Aguilar, J., versión española ; Pacheco Rubia, J. de la, versión española</subfield>
    </datafield>
    <datafield tag="250" ind1=" " ind2=" ">
      <subfield code="a">3a ed.</subfield>
    </datafield>
    <datafield tag="260" ind1=" " ind2=" ">
      <subfield code="a">Barcelona</subfield>
      <subfield code="b"> : Reverté</subfield>
      <subfield code="c"> , c1994</subfield>
    </datafield>
    <datafield tag="500" ind1=" " ind2=" ">
      <subfield code="a">El año de impresión varía según el ejemplar</subfield>
    </datafield>
    <datafield tag="650" ind1=" " ind2=" ">
      <subfield code="a"> FISICA</subfield>
    </datafield>
    <datafield tag="650" ind1=" " ind2=" ">
      <subfield code="a"> MECANICA</subfield>
    </datafield>
    <datafield tag="650" ind1=" " ind2=" ">
      <subfield code="a"> OSCILACIONES </subfield>
    </datafield>
    <datafield tag="650" ind1=" " ind2=" ">
      <subfield code="a"> TERMODINAMICA</subfield>
    </datafield>
    <datafield tag="650" ind1=" " ind2=" ">
      <subfield code="a"> ELECTRICIDAD </subfield>
    </datafield>
    <datafield tag="650" ind1=" " ind2=" ">
      <subfield code="a"> OPTICA</subfield>
    </datafield>
    <datafield tag="650" ind1=" " ind2=" ">
      <subfield code="a"> MAGNETISMO</subfield>
    </datafield>
    <datafield tag="942" ind1=" " ind2=" ">
      <subfield code="c">BK</subfield>
    </datafield>
    <datafield tag="952" ind1=" " ind2=" ">
      <subfield code="a">BIB_RECT</subfield>
      <subfield code="b">BIB_UACO</subfield>
      <subfield code="d">2018-03-21</subfield>
      <subfield code="y">BK</subfield>
      <subfield code="p">02-03728</subfield>
      <subfield code="i">02-03728</subfield>
      <subfield code="g">590</subfield>
      <subfield code="o">53 T595f3</subfield>
      <subfield code="e">CEUNICO</subfield>
      <subfield code="8">CG</subfield>
    </datafield>
    <datafield tag="952" ind1=" " ind2=" ">
      <subfield code="a">BIB_RECT</subfield>
      <subfield code="b">BIB_UACO</subfield>
      <subfield code="d">2018-03-21</subfield>
      <subfield code="y">BK</subfield>
      <subfield code="p">02-06660</subfield>
      <subfield code="i">02-06660</subfield>
      <subfield code="g">590</subfield>
      <subfield code="o">53 T595f3</subfield>
      <subfield code="e">SIUNPA</subfield>
      <subfield code="8">CG</subfield>
    </datafield>
    <datafield tag="952" ind1=" " ind2=" ">
      <subfield code="a">BIB_RECT</subfield>
      <subfield code="b">BIB_UACO</subfield>
      <subfield code="d">2018-03-21</subfield>
      <subfield code="y">BK</subfield>
      <subfield code="p">02-06661</subfield>
      <subfield code="i">02-06661</subfield>
      <subfield code="g">590</subfield>
      <subfield code="o">53 T595f3</subfield>
      <subfield code="e">SIUNPA</subfield>
      <subfield code="8">CG</subfield>
    </datafield>
    <datafield tag="952" ind1=" " ind2=" ">
      <subfield code="a">BIB_RECT</subfield>
      <subfield code="b">BIB_UART</subfield>
      <subfield code="d">2018-03-21</subfield>
      <subfield code="y">BK</subfield>
      <subfield code="p">03-00378</subfield>
      <subfield code="i">03-00378</subfield>
      <subfield code="g">590</subfield>
      <subfield code="o">53 T595f3</subfield>
      <subfield code="e">Migración UART</subfield>
      <subfield code="8">CG</subfield>
    </datafield>
    <datafield tag="952" ind1=" " ind2=" ">
      <subfield code="a">BIB_RECT</subfield>
      <subfield code="b">BIB_UART</subfield>
      <subfield code="d">2018-03-21</subfield>
      <subfield code="y">BK</subfield>
      <subfield code="p">03-00379</subfield>
      <subfield code="i">03-00379</subfield>
      <subfield code="g">590</subfield>
      <subfield code="o">53 T595f3</subfield>
      <subfield code="e">Migración UART</subfield>
      <subfield code="8">CG</subfield>
    </datafield>
    <datafield tag="952" ind1=" " ind2=" ">
      <subfield code="a">BIB_RECT</subfield>
      <subfield code="b">BIB_UART</subfield>
      <subfield code="d">2018-03-21</subfield>
      <subfield code="y">BK</subfield>
      <subfield code="p">03-00380</subfield>
      <subfield code="i">03-00380</subfield>
      <subfield code="g">590</subfield>
      <subfield code="o">53 T595f3</subfield>
      <subfield code="e">Migración UART</subfield>
      <subfield code="8">CG</subfield>
    </datafield>
    <datafield tag="952" ind1=" " ind2=" ">
      <subfield code="a">BIB_RECT</subfield>
      <subfield code="b">BIB_UART</subfield>
      <subfield code="d">2018-03-21</subfield>
      <subfield code="y">BK</subfield>
      <subfield code="p">03-00381</subfield>
      <subfield code="i">03-00381</subfield>
      <subfield code="g">590</subfield>
      <subfield code="o">53 T595f3</subfield>
      <subfield code="e">Migración UART</subfield>
      <subfield code="8">CG</subfield>
    </datafield>
    <datafield tag="952" ind1=" " ind2=" ">
      <subfield code="a">BIB_RECT</subfield>
      <subfield code="b">BIB_UASJ</subfield>
      <subfield code="d">2018-03-21</subfield>
      <subfield code="y">BK</subfield>
      <subfield code="p">04-01020</subfield>
      <subfield code="i">04-01020</subfield>
      <subfield code="g">590</subfield>
      <subfield code="o">53 T595f3</subfield>
      <subfield code="e">Migración UASJ</subfield>
      <subfield code="8">CG</subfield>
    </datafield>
    <datafield tag="952" ind1=" " ind2=" ">
      <subfield code="a">BIB_RECT</subfield>
      <subfield code="b">BIB_UASJ</subfield>
      <subfield code="d">2018-03-21</subfield>
      <subfield code="y">BK</subfield>
      <subfield code="p">04-01021</subfield>
      <subfield code="i">04-01021</subfield>
      <subfield code="g">590</subfield>
      <subfield code="o">53 T595f3</subfield>
      <subfield code="e">Migración UASJ</subfield>
      <subfield code="8">CG</subfield>
    </datafield>
    <datafield tag="952" ind1=" " ind2=" ">
      <subfield code="a">BIB_RECT</subfield>
      <subfield code="b">BIB_UASJ</subfield>
      <subfield code="d">2018-03-21</subfield>
      <subfield code="y">BK</subfield>
      <subfield code="p">04-01022</subfield>
      <subfield code="i">04-01022</subfield>
      <subfield code="g">590</subfield>
      <subfield code="o">53 T595f3</subfield>
      <subfield code="e">Migración UASJ</subfield>
      <subfield code="8">CG</subfield>
    </datafield>
    <datafield tag="952" ind1=" " ind2=" ">
      <subfield code="a">BIB_RECT</subfield>
      <subfield code="b">BIB_UASJ</subfield>
      <subfield code="d">2018-03-21</subfield>
      <subfield code="y">BK</subfield>
      <subfield code="p">04-01023</subfield>
      <subfield code="i">04-01023</subfield>
      <subfield code="g">590</subfield>
      <subfield code="o">53 T595f3</subfield>
      <subfield code="e">Migración UASJ</subfield>
      <subfield code="8">CG</subfield>
    </datafield>
    <datafield tag="952" ind1=" " ind2=" ">
      <subfield code="a">BIB_RECT</subfield>
      <subfield code="b">BIB_UARG</subfield>
      <subfield code="d">2018-03-21</subfield>
      <subfield code="y">BK</subfield>
      <subfield code="p">05-09479</subfield>
      <subfield code="i">05-09479</subfield>
      <subfield code="g">590</subfield>
      <subfield code="o">53 T595f3</subfield>
      <subfield code="e">Contribución Est./95</subfield>
      <subfield code="8">CG</subfield>
    </datafield>
    <datafield tag="952" ind1=" " ind2=" ">
      <subfield code="a">BIB_RECT</subfield>
      <subfield code="b">BIB_UARG</subfield>
      <subfield code="d">2018-03-21</subfield>
      <subfield code="y">BK</subfield>
      <subfield code="p">05-09480</subfield>
      <subfield code="i">05-09480</subfield>
      <subfield code="g">590</subfield>
      <subfield code="o">53 T595f3</subfield>
      <subfield code="e">Contribución Est./95</subfield>
      <subfield code="8">CG</subfield>
    </datafield>
    <datafield tag="952" ind1=" " ind2=" ">
      <subfield code="a">BIB_RECT</subfield>
      <subfield code="b">BIB_UARG</subfield>
      <subfield code="d">2018-03-21</subfield>
      <subfield code="y">BK</subfield>
      <subfield code="p">05-09481</subfield>
      <subfield code="i">05-09481</subfield>
      <subfield code="g">590</subfield>
      <subfield code="o">53 T595f3</subfield>
      <subfield code="e">Contribución Est./95</subfield>
      <subfield code="8">CG</subfield>
    </datafield>
    <datafield tag="952" ind1=" " ind2=" ">
      <subfield code="a">BIB_RECT</subfield>
      <subfield code="b">BIB_UARG</subfield>
      <subfield code="d">2018-03-21</subfield>
      <subfield code="y">BK</subfield>
      <subfield code="p">05-11654</subfield>
      <subfield code="i">05-11654</subfield>
      <subfield code="g">590</subfield>
      <subfield code="o">53 T595f3</subfield>
      <subfield code="e">Proyecto FOMEC 585</subfield>
      <subfield code="8">CG</subfield>
    </datafield>
    <datafield tag="952" ind1=" " ind2=" ">
      <subfield code="a">BIB_RECT</subfield>
      <subfield code="b">BIB_UARG</subfield>
      <subfield code="d">2018-03-21</subfield>
      <subfield code="y">BK</subfield>
      <subfield code="p">05-11669</subfield>
      <subfield code="i">05-11669</subfield>
      <subfield code="g">590</subfield>
      <subfield code="o">53 T595f3</subfield>
      <subfield code="e">Proyecto FOMEC 585</subfield>
      <subfield code="8">CG</subfield>
    </datafield>
    <datafield tag="952" ind1=" " ind2=" ">
      <subfield code="a">BIB_RECT</subfield>
      <subfield code="b">BIB_UARG</subfield>
      <subfield code="d">2018-03-21</subfield>
      <subfield code="y">BK</subfield>
      <subfield code="p">05-12360</subfield>
      <subfield code="i">05-12360</subfield>
      <subfield code="g">590</subfield>
      <subfield code="o">53 T595f3</subfield>
      <subfield code="e">Proyecto FOMEC/99</subfield>
      <subfield code="8">CG</subfield>
    </datafield>
    <datafield tag="952" ind1=" " ind2=" ">
      <subfield code="a">BIB_RECT</subfield>
      <subfield code="b">BIB_UARG</subfield>
      <subfield code="d">2018-03-21</subfield>
      <subfield code="y">BK</subfield>
      <subfield code="p">05-12510</subfield>
      <subfield code="i">05-12510</subfield>
      <subfield code="g">590</subfield>
      <subfield code="o">53 T595f3</subfield>
      <subfield code="e">Proyecto FOMEC 585</subfield>
      <subfield code="8">CG</subfield>
    </datafield>
    <datafield tag="952" ind1=" " ind2=" ">
      <subfield code="a">BIB_RECT</subfield>
      <subfield code="b">BIB_UARG</subfield>
      <subfield code="d">2018-03-21</subfield>
      <subfield code="y">BK</subfield>
      <subfield code="p">05-12511</subfield>
      <subfield code="i">05-12511</subfield>
      <subfield code="g">590</subfield>
      <subfield code="o">53 T595f3</subfield>
      <subfield code="e">Proyecto FOMEC 585</subfield>
      <subfield code="8">CG</subfield>
    </datafield>
    <datafield tag="952" ind1=" " ind2=" ">
      <subfield code="a">BIB_RECT</subfield>
      <subfield code="b">BIB_UARG</subfield>
      <subfield code="d">2018-03-21</subfield>
      <subfield code="y">BK</subfield>
      <subfield code="p">05-12512</subfield>
      <subfield code="i">05-12512</subfield>
      <subfield code="g">590</subfield>
      <subfield code="o">53 T595f3</subfield>
      <subfield code="e">Proyecto FOMEC/585</subfield>
      <subfield code="8">CG</subfield>
    </datafield>
    <datafield tag="952" ind1=" " ind2=" ">
      <subfield code="a">BIB_RECT</subfield>
      <subfield code="b">BIB_UARG</subfield>
      <subfield code="d">2018-03-21</subfield>
      <subfield code="y">BK</subfield>
      <subfield code="p">05-12522</subfield>
      <subfield code="i">05-12522</subfield>
      <subfield code="g">590</subfield>
      <subfield code="o">53 T595f3</subfield>
      <subfield code="e">Proyecto FOMEC/99</subfield>
      <subfield code="8">CG</subfield>
    </datafield>
    <datafield tag="952" ind1=" " ind2=" ">
      <subfield code="a">BIB_RECT</subfield>
      <subfield code="b">BIB_UARG</subfield>
      <subfield code="d">2018-03-21</subfield>
      <subfield code="y">BK</subfield>
      <subfield code="p">05-14039</subfield>
      <subfield code="i">05-14039</subfield>
      <subfield code="g">590</subfield>
      <subfield code="o">53 T595f3</subfield>
      <subfield code="e">Don. Asociación Amigos de la bca./00</subfield>
      <subfield code="8">CG</subfield>
    </datafield>
    <datafield tag="952" ind1=" " ind2=" ">
      <subfield code="a">BIB_RECT</subfield>
      <subfield code="b">BIB_UARG</subfield>
      <subfield code="d">2018-03-21</subfield>
      <subfield code="y">BK</subfield>
      <subfield code="p">05-14040</subfield>
      <subfield code="i">05-14040</subfield>
      <subfield code="g">590</subfield>
      <subfield code="o">53 T595f3</subfield>
      <subfield code="e">Don. Asociación Amigos de la bca./00</subfield>
      <subfield code="8">CG</subfield>
    </datafield>
    <datafield tag="952" ind1=" " ind2=" ">
      <subfield code="a">BIB_RECT</subfield>
      <subfield code="b">BIB_UARG</subfield>
      <subfield code="d">2018-03-21</subfield>
      <subfield code="y">BK</subfield>
      <subfield code="p">05-14067</subfield>
      <subfield code="i">05-14067</subfield>
      <subfield code="g">590</subfield>
      <subfield code="o">53 T595f3</subfield>
      <subfield code="e">Don. Asociación Amigos de la bca./00</subfield>
      <subfield code="8">CG</subfield>
    </datafield>
    <datafield tag="952" ind1=" " ind2=" ">
      <subfield code="a">BIB_RECT</subfield>
      <subfield code="b">BIB_UARG</subfield>
      <subfield code="d">2018-03-21</subfield>
      <subfield code="y">BK</subfield>
      <subfield code="p">05-14068</subfield>
      <subfield code="i">05-14068</subfield>
      <subfield code="g">590</subfield>
      <subfield code="o">53 T595f3</subfield>
      <subfield code="e">Don. Asociación Amigos de la bca./00</subfield>
      <subfield code="8">CG</subfield>
    </datafield>
    <datafield tag="952" ind1=" " ind2=" ">
      <subfield code="a">BIB_RECT</subfield>
      <subfield code="b">BIB_UARG</subfield>
      <subfield code="d">2018-03-21</subfield>
      <subfield code="y">BK</subfield>
      <subfield code="p">05-14069</subfield>
      <subfield code="i">05-14069</subfield>
      <subfield code="g">590</subfield>
      <subfield code="o">53 T595f3</subfield>
      <subfield code="e">Don. Asociación Amigos de la bca./00</subfield>
      <subfield code="8">CG</subfield>
    </datafield>
  </record>