
  <record>
    <leader>01000aam  22002601a 4500</leader>
    <controlfield tag="001">YPZ101330</controlfield>
    <controlfield tag="003">YPZ</controlfield>
    <controlfield tag="005">201803230959020</controlfield>
    <controlfield tag="008">180323|###########||||||b||||||||||spa|d</controlfield>
    <datafield tag="020" ind1=" " ind2=" ">
      <subfield code="a">9780415679046</subfield>
    </datafield>
    <datafield tag="040" ind1=" " ind2=" ">
      <subfield code="c">SIUNPA</subfield>
    </datafield>
    <datafield tag="041" ind1=" " ind2=" ">
      <subfield code="a">eng</subfield>
    </datafield>
    <datafield tag="044" ind1=" " ind2=" ">
      <subfield code="a">US</subfield>
    </datafield>
    <datafield tag="080" ind1=" " ind2=" ">
      <subfield code="a">069 T443t</subfield>
    </datafield>
    <datafield tag="245" ind1=" " ind2=" ">
      <subfield code="a">The thing about museums</subfield>
      <subfield code="b"> : objects and experience, representation and contestation</subfield>
      <subfield code="c"> / Dudley, Sandra H., ed. ; Barnes, Amy Jane, ed. ; Binnie, Jennifer, ed. ; Petrov, Julia, ed. ; Walklate, Jennifer, ed.</subfield>
    </datafield>
    <datafield tag="250" ind1=" " ind2=" ">
      <subfield code="a">1st ed.</subfield>
    </datafield>
    <datafield tag="260" ind1=" " ind2=" ">
      <subfield code="a">New York, N.Y.</subfield>
      <subfield code="b"> : Routledge</subfield>
      <subfield code="c"> , 2012</subfield>
    </datafield>
    <datafield tag="650" ind1=" " ind2=" ">
      <subfield code="a"> MUSEOS</subfield>
    </datafield>
    <datafield tag="942" ind1=" " ind2=" ">
      <subfield code="c">BK</subfield>
    </datafield>
    <datafield tag="952" ind1=" " ind2=" ">
      <subfield code="a">BIB_RECT</subfield>
      <subfield code="b">BIB_UASJ</subfield>
      <subfield code="d">2018-03-22</subfield>
      <subfield code="y">BK</subfield>
      <subfield code="p">04-49589</subfield>
      <subfield code="i">04-49589</subfield>
      <subfield code="g">1250</subfield>
      <subfield code="o">069 T443t</subfield>
      <subfield code="e">P.I. 29/D048</subfield>
      <subfield code="8">CG</subfield>
    </datafield>
  </record>