
  <record>
    <leader>01000aam  22002601a 4500</leader>
    <controlfield tag="001">YPZ101332</controlfield>
    <controlfield tag="003">YPZ</controlfield>
    <controlfield tag="005">201803231027290</controlfield>
    <controlfield tag="008">180323|###########||||||b||||||||||spa|d</controlfield>
    <datafield tag="020" ind1=" " ind2=" ">
      <subfield code="a">9789500011334</subfield>
    </datafield>
    <datafield tag="040" ind1=" " ind2=" ">
      <subfield code="c">SIUNPA</subfield>
    </datafield>
    <datafield tag="041" ind1=" " ind2=" ">
      <subfield code="a">978-950-00-1133-4</subfield>
    </datafield>
    <datafield tag="044" ind1=" " ind2=" ">
      <subfield code="a">978-950-00-1133-4</subfield>
    </datafield>
    <datafield tag="080" ind1=" " ind2=" ">
      <subfield code="a">81'28 Y952y</subfield>
    </datafield>
    <datafield tag="100" ind1=" " ind2=" ">
      <subfield code="a">978-950-00-1133-4.</subfield>
    </datafield>
    <datafield tag="110" ind1=" " ind2=" ">
      <subfield code="a">978-950-00-1133-4.</subfield>
    </datafield>
    <datafield tag="240" ind1=" " ind2=" ">
      <subfield code="a">978-950-00-1133-4</subfield>
    </datafield>
    <datafield tag="245" ind1=" " ind2=" ">
      <subfield code="a">978-950-00-1133-4</subfield>
      <subfield code="b"> : 978-950-00-1133-4</subfield>
      <subfield code="c"> / Nacach, Gabriela, coord. ; Pérez, Paula, coord. ; Presman, Jéssica, coord. ; Candito, Cintia Verónica, il. ; Moreno, Emilio, il.</subfield>
    </datafield>
    <datafield tag="246" ind1=" " ind2=" ">
      <subfield code="a">978-950-00-1133-4.</subfield>
    </datafield>
    <datafield tag="247" ind1=" " ind2=" ">
      <subfield code="a">978-950-00-1133-4.</subfield>
    </datafield>
    <datafield tag="250" ind1=" " ind2=" ">
      <subfield code="a">978-950-00-1133-4</subfield>
    </datafield>
    <datafield tag="260" ind1=" " ind2=" ">
      <subfield code="a">978-950-00-1133-4</subfield>
      <subfield code="b"> : 978-950-00-1133-4</subfield>
      <subfield code="c"> , 978-950-00-1133-4</subfield>
    </datafield>
    <datafield tag="500" ind1=" " ind2=" ">
      <subfield code="a">978-950-00-1133-4</subfield>
    </datafield>
    <datafield tag="650" ind1=" " ind2=" ">
      <subfield code="a"> LENGUAS INDIGENAS  HUARPE  DIAGUITA</subfield>
    </datafield>
    <datafield tag="650" ind1=" " ind2=" ">
      <subfield code="a"> EDUCACION </subfield>
    </datafield>
    <datafield tag="650" ind1=" " ind2=" ">
      <subfield code="a"> PUEBLOS ORIGINARIOS</subfield>
    </datafield>
    <datafield tag="650" ind1=" " ind2=" ">
      <subfield code="a"> EDUCACION INTERCULTURAL </subfield>
    </datafield>
    <datafield tag="650" ind1=" " ind2=" ">
      <subfield code="a"> EDUCACION BILINGUE</subfield>
    </datafield>
    <datafield tag="942" ind1=" " ind2=" ">
      <subfield code="c">BK</subfield>
    </datafield>
    <datafield tag="952" ind1=" " ind2=" ">
      <subfield code="a">BIB_RECT</subfield>
      <subfield code="b">BIB_UASJ</subfield>
      <subfield code="d">2018-03-23</subfield>
      <subfield code="y">BK</subfield>
      <subfield code="p">04-49594</subfield>
      <subfield code="i">04-49594</subfield>
      <subfield code="g">210</subfield>
      <subfield code="o">81'28 Y952y</subfield>
      <subfield code="e">Donación</subfield>
      <subfield code="8">CG</subfield>
    </datafield>
  </record>