
  <record>
    <leader>01000aam  22002601a 4500</leader>
    <controlfield tag="001">YPZ101334</controlfield>
    <controlfield tag="003">YPZ</controlfield>
    <controlfield tag="005">201803271006010</controlfield>
    <controlfield tag="008">180327|###########||||||b||||||||||spa|d</controlfield>
    <datafield tag="020" ind1=" " ind2=" ">
      <subfield code="a">0201066211 (v.1)</subfield>
    </datafield>
    <datafield tag="020" ind1=" " ind2=" ">
      <subfield code="a">020106622X (v.2)</subfield>
    </datafield>
    <datafield tag="020" ind1=" " ind2=" ">
      <subfield code="a">0201066238 (v.3)</subfield>
    </datafield>
    <datafield tag="040" ind1=" " ind2=" ">
      <subfield code="c">SIUNPA</subfield>
    </datafield>
    <datafield tag="041" ind1=" " ind2=" ">
      <subfield code="a">spa</subfield>
    </datafield>
    <datafield tag="044" ind1=" " ind2=" ">
      <subfield code="a">US</subfield>
    </datafield>
    <datafield tag="080" ind1=" " ind2=" ">
      <subfield code="a">53 F435f</subfield>
    </datafield>
    <datafield tag="100" ind1=" " ind2=" ">
      <subfield code="a">Feynman, Richard P..</subfield>
    </datafield>
    <datafield tag="700" ind1=" " ind2=" ">
      <subfield code="a">Leighton, Robert B..</subfield>
    </datafield>
    <datafield tag="700" ind1=" " ind2=" ">
      <subfield code="a">Sands, Matthew.</subfield>
    </datafield>
    <datafield tag="245" ind1=" " ind2=" ">
      <subfield code="a">Física</subfield>
      <subfield code="c"> / Oelker L., Enrique, versión en español ; Espinosa D., Hugo, versión en español ; Heras, Carlos Alberto, versión en español ; Martín y Marfil, Juan, versión en español ; Bernaola, Omar, versión en español ; López Frontado, Rafael, versión en español ; Gómez, Ricardo, colab.</subfield>
    </datafield>
    <datafield tag="260" ind1=" " ind2=" ">
      <subfield code="a">Wilmington, Del.</subfield>
      <subfield code="b"> : Addison-Wesley Iberoamericana</subfield>
      <subfield code="c"> , 1987</subfield>
    </datafield>
    <datafield tag="650" ind1=" " ind2=" ">
      <subfield code="a"> FISICA  MECANICA</subfield>
    </datafield>
    <datafield tag="650" ind1=" " ind2=" ">
      <subfield code="a"> CALOR </subfield>
    </datafield>
    <datafield tag="650" ind1=" " ind2=" ">
      <subfield code="a"> MAGNETISMO</subfield>
    </datafield>
    <datafield tag="650" ind1=" " ind2=" ">
      <subfield code="a"> RADIACION </subfield>
    </datafield>
    <datafield tag="650" ind1=" " ind2=" ">
      <subfield code="a"> MATERIA</subfield>
    </datafield>
    <datafield tag="650" ind1=" " ind2=" ">
      <subfield code="a"> ELECTROMAGNETISMO</subfield>
    </datafield>
    <datafield tag="942" ind1=" " ind2=" ">
      <subfield code="c">BK</subfield>
    </datafield>
    <datafield tag="952" ind1=" " ind2=" ">
      <subfield code="a">BIB_RECT</subfield>
      <subfield code="b">BIB_UARG</subfield>
      <subfield code="d">2018-03-27</subfield>
      <subfield code="y">BK</subfield>
      <subfield code="p">05-07982</subfield>
      <subfield code="i">05-07982</subfield>
      <subfield code="g">380</subfield>
      <subfield code="o">53 F435f</subfield>
      <subfield code="e">Migración UARG</subfield>
      <subfield code="8">CG</subfield>
    </datafield>
    <datafield tag="952" ind1=" " ind2=" ">
      <subfield code="a">BIB_RECT</subfield>
      <subfield code="b">BIB_UARG</subfield>
      <subfield code="d">2018-03-27</subfield>
      <subfield code="y">BK</subfield>
      <subfield code="p">05-07983</subfield>
      <subfield code="i">05-07983</subfield>
      <subfield code="g">380</subfield>
      <subfield code="o">53 F435f</subfield>
      <subfield code="e">Migración UARG</subfield>
      <subfield code="8">CG</subfield>
    </datafield>
    <datafield tag="952" ind1=" " ind2=" ">
      <subfield code="a">BIB_RECT</subfield>
      <subfield code="b">BIB_UARG</subfield>
      <subfield code="d">2018-03-27</subfield>
      <subfield code="y">BK</subfield>
      <subfield code="p">05-07984</subfield>
      <subfield code="i">05-07984</subfield>
      <subfield code="g">380</subfield>
      <subfield code="o">53 F435f</subfield>
      <subfield code="e">Migración UARG</subfield>
      <subfield code="8">CG</subfield>
    </datafield>
  </record>