
  <record>
    <leader>01000aam  22002601a 4500</leader>
    <controlfield tag="001">YPZ101335</controlfield>
    <controlfield tag="003">YPZ</controlfield>
    <controlfield tag="005">201803271024220</controlfield>
    <controlfield tag="008">180327|###########||||||b||||||||||spa|d</controlfield>
    <datafield tag="020" ind1=" " ind2=" ">
      <subfield code="a">8429140204 (o.c.)</subfield>
    </datafield>
    <datafield tag="020" ind1=" " ind2=" ">
      <subfield code="a">8429140239 (v.3)</subfield>
    </datafield>
    <datafield tag="040" ind1=" " ind2=" ">
      <subfield code="c">SIUNPA</subfield>
    </datafield>
    <datafield tag="041" ind1=" " ind2=" ">
      <subfield code="a">spa</subfield>
    </datafield>
    <datafield tag="044" ind1=" " ind2=" ">
      <subfield code="a">ES</subfield>
    </datafield>
    <datafield tag="080" ind1=" " ind2=" ">
      <subfield code="a">534 C899o</subfield>
    </datafield>
    <datafield tag="100" ind1=" " ind2=" ">
      <subfield code="a">Crawford, Frank S..</subfield>
    </datafield>
    <datafield tag="245" ind1=" " ind2=" ">
      <subfield code="a">Ondas</subfield>
    </datafield>
    <datafield tag="260" ind1=" " ind2=" ">
      <subfield code="a">Barcelona</subfield>
      <subfield code="b"> : Reverté</subfield>
      <subfield code="c"> , 1979</subfield>
    </datafield>
    <datafield tag="440" ind1=" " ind2=" ">
      <subfield code="a">Schaum</subfield>
      <subfield code="a">Colección pensamiento nacional</subfield>
      <subfield code="a">Colección con nuestra voz. Escritos plurilingües de docentes, alumnos, miembros de pueblos originarios y hablantes de lenguas indígenas</subfield>
      <subfield code="a">Colección con nuestra voz. Escritos plurilingües de docentes, alumnos, miembros de pueblos originarios y hablantes de lenguas indígenas</subfield>
      <subfield code="a">Colección con nuestra voz. Escritos plurilingües de docentes, alumnos, miembros de pueblos originarios y hablantes de lenguas indígenas</subfield>
      <subfield code="a">Colección con nuestra voz. Escritos plurilingües de docentes, alumnos, miembros de pueblos originarios y hablantes de lenguas indígenas</subfield>
      <subfield code="a">Colección con nuestra voz. Escritos plurilingües de docentes, alumnos, miembros de pueblos originarios y hablantes de lenguas indígenas</subfield>
      <subfield code="a">978-950-00-1133-4</subfield>
      <subfield code="a">Berkeley physics course</subfield>
      <subfield code="v">3</subfield>
    </datafield>
    <datafield tag="490" ind1=" " ind2=" ">
      <subfield code="a">Schaum</subfield>
      <subfield code="a">Colección pensamiento nacional</subfield>
      <subfield code="a">Colección con nuestra voz. Escritos plurilingües de docentes, alumnos, miembros de pueblos originarios y hablantes de lenguas indígenas</subfield>
      <subfield code="a">Colección con nuestra voz. Escritos plurilingües de docentes, alumnos, miembros de pueblos originarios y hablantes de lenguas indígenas</subfield>
      <subfield code="a">Colección con nuestra voz. Escritos plurilingües de docentes, alumnos, miembros de pueblos originarios y hablantes de lenguas indígenas</subfield>
      <subfield code="a">Colección con nuestra voz. Escritos plurilingües de docentes, alumnos, miembros de pueblos originarios y hablantes de lenguas indígenas</subfield>
      <subfield code="a">Colección con nuestra voz. Escritos plurilingües de docentes, alumnos, miembros de pueblos originarios y hablantes de lenguas indígenas</subfield>
      <subfield code="a">978-950-00-1133-4</subfield>
      <subfield code="a">Berkeley physics course</subfield>
      <subfield code="v">3</subfield>
    </datafield>
    <datafield tag="500" ind1=" " ind2=" ">
      <subfield code="a">La biblioteca posee v.3</subfield>
    </datafield>
    <datafield tag="650" ind1=" " ind2=" ">
      <subfield code="a"> ONDAS ACUSTICAS</subfield>
    </datafield>
    <datafield tag="650" ind1=" " ind2=" ">
      <subfield code="a"> OSCILACIONES</subfield>
    </datafield>
    <datafield tag="650" ind1=" " ind2=" ">
      <subfield code="a"> PROPAGACION DE ONDAS</subfield>
    </datafield>
    <datafield tag="942" ind1=" " ind2=" ">
      <subfield code="c">BK</subfield>
    </datafield>
    <datafield tag="952" ind1=" " ind2=" ">
      <subfield code="a">BIB_RECT</subfield>
      <subfield code="b">BIB_UARG</subfield>
      <subfield code="d">2018-03-27</subfield>
      <subfield code="y">BK</subfield>
      <subfield code="p">05-04374</subfield>
      <subfield code="i">05-04374</subfield>
      <subfield code="g">450</subfield>
      <subfield code="o">534 C899o</subfield>
      <subfield code="e">FUENTES BENITEZ, CLOE</subfield>
      <subfield code="8">CG</subfield>
    </datafield>
  </record>