
  <record>
    <leader>01000aam  22002601a 4500</leader>
    <controlfield tag="001">YPZ101336</controlfield>
    <controlfield tag="003">YPZ</controlfield>
    <controlfield tag="005">201803280848100</controlfield>
    <controlfield tag="008">180328|###########||||||b||||||||||spa|d</controlfield>
    <datafield tag="020" ind1=" " ind2=" ">
      <subfield code="a">9682606632 (o.c.)</subfield>
    </datafield>
    <datafield tag="020" ind1=" " ind2=" ">
      <subfield code="a">9682612306 (v.1)</subfield>
    </datafield>
    <datafield tag="020" ind1=" " ind2=" ">
      <subfield code="a">9682612551 (v.2)</subfield>
    </datafield>
    <datafield tag="040" ind1=" " ind2=" ">
      <subfield code="c">SIUNPA</subfield>
    </datafield>
    <datafield tag="041" ind1=" " ind2=" ">
      <subfield code="a">spa</subfield>
    </datafield>
    <datafield tag="044" ind1=" " ind2=" ">
      <subfield code="a">MX</subfield>
    </datafield>
    <datafield tag="080" ind1=" " ind2=" ">
      <subfield code="a">53 R434f3</subfield>
    </datafield>
    <datafield tag="100" ind1=" " ind2=" ">
      <subfield code="a">Resnick, Robert.</subfield>
    </datafield>
    <datafield tag="700" ind1=" " ind2=" ">
      <subfield code="a">Halliday, David.</subfield>
    </datafield>
    <datafield tag="700" ind1=" " ind2=" ">
      <subfield code="a">Krane, Kenneth S..</subfield>
    </datafield>
    <datafield tag="245" ind1=" " ind2=" ">
      <subfield code="a">Física</subfield>
      <subfield code="b"> : cuarta edición. Tercera en español</subfield>
      <subfield code="c"> / Andión Uz, Francisco, tr. ; Medina Nicolau, Francisco, rev. técnica ; Gómez, Consuelo, rev. técnica ; Ramírez Grycuk, Eduardo, rev. técnica</subfield>
    </datafield>
    <datafield tag="250" ind1=" " ind2=" ">
      <subfield code="a">3a ed. en español</subfield>
    </datafield>
    <datafield tag="260" ind1=" " ind2=" ">
      <subfield code="a">México, D.F.</subfield>
      <subfield code="b"> : Continental</subfield>
      <subfield code="c"> , c1993</subfield>
    </datafield>
    <datafield tag="500" ind1=" " ind2=" ">
      <subfield code="a">El año de reimpresión varía según el ejemplar</subfield>
    </datafield>
    <datafield tag="650" ind1=" " ind2=" ">
      <subfield code="a"> FISICA</subfield>
    </datafield>
    <datafield tag="942" ind1=" " ind2=" ">
      <subfield code="c">BK</subfield>
    </datafield>
    <datafield tag="952" ind1=" " ind2=" ">
      <subfield code="a">BIB_RECT</subfield>
      <subfield code="b">BIB_UACO</subfield>
      <subfield code="d">2018-03-27</subfield>
      <subfield code="y">BK</subfield>
      <subfield code="p">02-05454</subfield>
      <subfield code="i">02-05454</subfield>
      <subfield code="g">450</subfield>
      <subfield code="o">53 R434f3</subfield>
      <subfield code="e">FOMEC</subfield>
      <subfield code="8">CG</subfield>
    </datafield>
    <datafield tag="952" ind1=" " ind2=" ">
      <subfield code="a">BIB_RECT</subfield>
      <subfield code="b">BIB_UACO</subfield>
      <subfield code="d">2018-03-27</subfield>
      <subfield code="y">BK</subfield>
      <subfield code="p">02-05455</subfield>
      <subfield code="i">02-05455</subfield>
      <subfield code="g">450</subfield>
      <subfield code="o">53 R434f3</subfield>
      <subfield code="e">FOMEC</subfield>
      <subfield code="8">CG</subfield>
    </datafield>
    <datafield tag="952" ind1=" " ind2=" ">
      <subfield code="a">BIB_RECT</subfield>
      <subfield code="b">BIB_UACO</subfield>
      <subfield code="d">2018-03-27</subfield>
      <subfield code="y">BK</subfield>
      <subfield code="p">02-05456</subfield>
      <subfield code="i">02-05456</subfield>
      <subfield code="g">450</subfield>
      <subfield code="o">53 R434f3</subfield>
      <subfield code="e">FOMEC</subfield>
      <subfield code="8">CG</subfield>
    </datafield>
    <datafield tag="952" ind1=" " ind2=" ">
      <subfield code="a">BIB_RECT</subfield>
      <subfield code="b">BIB_UACO</subfield>
      <subfield code="d">2018-03-27</subfield>
      <subfield code="y">BK</subfield>
      <subfield code="p">02-05457</subfield>
      <subfield code="i">02-05457</subfield>
      <subfield code="g">450</subfield>
      <subfield code="o">53 R434f3</subfield>
      <subfield code="e">FOMEC</subfield>
      <subfield code="8">CG</subfield>
    </datafield>
    <datafield tag="952" ind1=" " ind2=" ">
      <subfield code="a">BIB_RECT</subfield>
      <subfield code="b">BIB_UACO</subfield>
      <subfield code="d">2018-03-27</subfield>
      <subfield code="y">BK</subfield>
      <subfield code="p">02-06642</subfield>
      <subfield code="i">02-06642</subfield>
      <subfield code="g">450</subfield>
      <subfield code="o">53 R434f3</subfield>
      <subfield code="e">FOMEC</subfield>
      <subfield code="8">CG</subfield>
    </datafield>
    <datafield tag="952" ind1=" " ind2=" ">
      <subfield code="a">BIB_RECT</subfield>
      <subfield code="b">BIB_UACO</subfield>
      <subfield code="d">2018-03-27</subfield>
      <subfield code="y">BK</subfield>
      <subfield code="p">02-08268</subfield>
      <subfield code="i">02-08268</subfield>
      <subfield code="g">450</subfield>
      <subfield code="o">53 R434f3</subfield>
      <subfield code="e">FOMEC</subfield>
      <subfield code="8">CG</subfield>
    </datafield>
    <datafield tag="952" ind1=" " ind2=" ">
      <subfield code="a">BIB_RECT</subfield>
      <subfield code="b">BIB_UARG</subfield>
      <subfield code="d">2018-03-27</subfield>
      <subfield code="y">BK</subfield>
      <subfield code="p">05-08153</subfield>
      <subfield code="i">05-08153</subfield>
      <subfield code="g">450</subfield>
      <subfield code="o">53 R434f3</subfield>
      <subfield code="e">Migración UARG</subfield>
      <subfield code="8">CG</subfield>
    </datafield>
    <datafield tag="952" ind1=" " ind2=" ">
      <subfield code="a">BIB_RECT</subfield>
      <subfield code="b">BIB_UARG</subfield>
      <subfield code="d">2018-03-27</subfield>
      <subfield code="y">BK</subfield>
      <subfield code="p">05-08154</subfield>
      <subfield code="i">05-08154</subfield>
      <subfield code="g">450</subfield>
      <subfield code="o">53 R434f3</subfield>
      <subfield code="e">Migración UARG</subfield>
      <subfield code="8">CG</subfield>
    </datafield>
    <datafield tag="952" ind1=" " ind2=" ">
      <subfield code="a">BIB_RECT</subfield>
      <subfield code="b">BIB_UARG</subfield>
      <subfield code="d">2018-03-27</subfield>
      <subfield code="y">BK</subfield>
      <subfield code="p">05-09768</subfield>
      <subfield code="i">05-09768</subfield>
      <subfield code="g">450</subfield>
      <subfield code="o">53 R434f3</subfield>
      <subfield code="e">Contrib. Est./95</subfield>
      <subfield code="8">CG</subfield>
    </datafield>
    <datafield tag="952" ind1=" " ind2=" ">
      <subfield code="a">BIB_RECT</subfield>
      <subfield code="b">BIB_UARG</subfield>
      <subfield code="d">2018-03-27</subfield>
      <subfield code="y">BK</subfield>
      <subfield code="p">05-09769</subfield>
      <subfield code="i">05-09769</subfield>
      <subfield code="g">450</subfield>
      <subfield code="o">53 R434f3</subfield>
      <subfield code="e">Contrib. Est./96</subfield>
      <subfield code="8">CG</subfield>
    </datafield>
    <datafield tag="952" ind1=" " ind2=" ">
      <subfield code="a">BIB_RECT</subfield>
      <subfield code="b">BIB_UARG</subfield>
      <subfield code="d">2018-03-27</subfield>
      <subfield code="y">BK</subfield>
      <subfield code="p">05-12438</subfield>
      <subfield code="i">05-12438</subfield>
      <subfield code="g">450</subfield>
      <subfield code="o">53 R434f3</subfield>
      <subfield code="e">FOMEC 585</subfield>
      <subfield code="8">CG</subfield>
    </datafield>
    <datafield tag="952" ind1=" " ind2=" ">
      <subfield code="a">BIB_RECT</subfield>
      <subfield code="b">BIB_UARG</subfield>
      <subfield code="d">2018-03-27</subfield>
      <subfield code="y">BK</subfield>
      <subfield code="p">05-12439</subfield>
      <subfield code="i">05-12439</subfield>
      <subfield code="g">450</subfield>
      <subfield code="o">53 R434f3</subfield>
      <subfield code="e">FOMEC 585</subfield>
      <subfield code="8">CG</subfield>
    </datafield>
    <datafield tag="952" ind1=" " ind2=" ">
      <subfield code="a">BIB_RECT</subfield>
      <subfield code="b">BIB_UARG</subfield>
      <subfield code="d">2018-03-27</subfield>
      <subfield code="y">BK</subfield>
      <subfield code="p">05-12440</subfield>
      <subfield code="i">05-12440</subfield>
      <subfield code="g">450</subfield>
      <subfield code="o">53 R434f3</subfield>
      <subfield code="e">FOMEC 585</subfield>
      <subfield code="8">CG</subfield>
    </datafield>
    <datafield tag="952" ind1=" " ind2=" ">
      <subfield code="a">BIB_RECT</subfield>
      <subfield code="b">BIB_UARG</subfield>
      <subfield code="d">2018-03-27</subfield>
      <subfield code="y">BK</subfield>
      <subfield code="p">05-14063</subfield>
      <subfield code="i">05-14063</subfield>
      <subfield code="g">450</subfield>
      <subfield code="o">53 R434f3</subfield>
      <subfield code="e">PRESIUNPA/00</subfield>
      <subfield code="8">CG</subfield>
    </datafield>
    <datafield tag="952" ind1=" " ind2=" ">
      <subfield code="a">BIB_RECT</subfield>
      <subfield code="b">BIB_UARG</subfield>
      <subfield code="d">2018-03-27</subfield>
      <subfield code="y">BK</subfield>
      <subfield code="p">05-14064</subfield>
      <subfield code="i">05-14064</subfield>
      <subfield code="g">450</subfield>
      <subfield code="o">53 R434f3</subfield>
      <subfield code="e">PRESIUNPA/00</subfield>
      <subfield code="8">CG</subfield>
    </datafield>
    <datafield tag="952" ind1=" " ind2=" ">
      <subfield code="a">BIB_RECT</subfield>
      <subfield code="b">BIB_UARG</subfield>
      <subfield code="d">2018-03-27</subfield>
      <subfield code="y">BK</subfield>
      <subfield code="p">05-14065</subfield>
      <subfield code="i">05-14065</subfield>
      <subfield code="g">450</subfield>
      <subfield code="o">53 R434f3</subfield>
      <subfield code="e">Migración UARG</subfield>
      <subfield code="8">CG</subfield>
    </datafield>
    <datafield tag="952" ind1=" " ind2=" ">
      <subfield code="a">BIB_RECT</subfield>
      <subfield code="b">BIB_UARG</subfield>
      <subfield code="d">2018-03-27</subfield>
      <subfield code="y">BK</subfield>
      <subfield code="p">05-14066</subfield>
      <subfield code="i">05-14066</subfield>
      <subfield code="g">450</subfield>
      <subfield code="o">53 R434f3</subfield>
      <subfield code="e">PRESIUNPA/00</subfield>
      <subfield code="8">CG</subfield>
    </datafield>
  </record>