
  <record>
    <leader>01000aam  22002601a 4500</leader>
    <controlfield tag="001">YPZ101351</controlfield>
    <controlfield tag="003">YPZ</controlfield>
    <controlfield tag="005">201804061306090</controlfield>
    <controlfield tag="008">180406|###########||||||b||||||||||spa|d</controlfield>
    <datafield tag="020" ind1=" " ind2=" ">
      <subfield code="a">9502501292 (v.1)</subfield>
    </datafield>
    <datafield tag="020" ind1=" " ind2=" ">
      <subfield code="a">9502501322 (v.2)</subfield>
    </datafield>
    <datafield tag="040" ind1=" " ind2=" ">
      <subfield code="c">SIUNPA</subfield>
    </datafield>
    <datafield tag="041" ind1=" " ind2=" ">
      <subfield code="a">spa</subfield>
    </datafield>
    <datafield tag="044" ind1=" " ind2=" ">
      <subfield code="a">AR</subfield>
    </datafield>
    <datafield tag="080" ind1=" " ind2=" ">
      <subfield code="a">338.1(82) E792e</subfield>
    </datafield>
    <datafield tag="245" ind1=" " ind2=" ">
      <subfield code="a">El estado y la economía</subfield>
      <subfield code="b"> : 1930-1955</subfield>
      <subfield code="c"> / Malgesini, Graciela, selección y pról. ; Alvarez, Norberto, selección y pról.</subfield>
    </datafield>
    <datafield tag="260" ind1=" " ind2=" ">
      <subfield code="a">Buenos Aires</subfield>
      <subfield code="b"> : Centro Editor de América Latina</subfield>
      <subfield code="c"> , 1983</subfield>
    </datafield>
    <datafield tag="440" ind1=" " ind2=" ">
      <subfield code="a">Biblioteca de Matemática superior</subfield>
      <subfield code="a">Historia testimonial argentina. Documentos vivos de nuestro pasado</subfield>
      <subfield code="v">9-12</subfield>
    </datafield>
    <datafield tag="490" ind1=" " ind2=" ">
      <subfield code="a">Biblioteca de Matemática superior</subfield>
      <subfield code="a">Historia testimonial argentina. Documentos vivos de nuestro pasado</subfield>
      <subfield code="v">9-12</subfield>
    </datafield>
    <datafield tag="500" ind1=" " ind2=" ">
      <subfield code="a">Tít. de partida: Políticas económicas</subfield>
    </datafield>
    <datafield tag="650" ind1=" " ind2=" ">
      <subfield code="a"> ECONOMIA ARGENTINA</subfield>
    </datafield>
    <datafield tag="650" ind1=" " ind2=" ">
      <subfield code="a"> HISTORIA ARGENTINA</subfield>
    </datafield>
    <datafield tag="650" ind1=" " ind2=" ">
      <subfield code="a"> POLITICA ECONOMICA</subfield>
    </datafield>
    <datafield tag="650" ind1=" " ind2=" ">
      <subfield code="a"> SIGLO XX</subfield>
    </datafield>
    <datafield tag="942" ind1=" " ind2=" ">
      <subfield code="c">BK</subfield>
    </datafield>
    <datafield tag="952" ind1=" " ind2=" ">
      <subfield code="a">BIB_RECT</subfield>
      <subfield code="b">BIB_UARG</subfield>
      <subfield code="d">2018-04-04</subfield>
      <subfield code="y">BK</subfield>
      <subfield code="p">05-04904</subfield>
      <subfield code="i">05-04904</subfield>
      <subfield code="g">150</subfield>
      <subfield code="o">338.1(82) E792e</subfield>
      <subfield code="e">Fuentes Benítez, Cloe/85</subfield>
      <subfield code="8">CG</subfield>
    </datafield>
    <datafield tag="952" ind1=" " ind2=" ">
      <subfield code="a">BIB_RECT</subfield>
      <subfield code="b">BIB_UARG</subfield>
      <subfield code="d">2018-04-04</subfield>
      <subfield code="y">BK</subfield>
      <subfield code="p">05-04914</subfield>
      <subfield code="i">05-04914</subfield>
      <subfield code="g">150</subfield>
      <subfield code="o">338.1(82) E792e</subfield>
      <subfield code="e">Fuentes Benítez, Cloe/85</subfield>
      <subfield code="8">CG</subfield>
    </datafield>
  </record>