
  <record>
    <leader>01000aam  22002601a 4500</leader>
    <controlfield tag="001">YPZ101357</controlfield>
    <controlfield tag="003">YPZ</controlfield>
    <controlfield tag="005">201804091110590</controlfield>
    <controlfield tag="008">180409|###########||||||b||||||||||spa|d</controlfield>
    <datafield tag="040" ind1=" " ind2=" ">
      <subfield code="c">SIUNPA</subfield>
    </datafield>
    <datafield tag="041" ind1=" " ind2=" ">
      <subfield code="a">spa</subfield>
    </datafield>
    <datafield tag="044" ind1=" " ind2=" ">
      <subfield code="a">AR</subfield>
    </datafield>
    <datafield tag="080" ind1=" " ind2=" ">
      <subfield code="a">615.011 L869f</subfield>
    </datafield>
    <datafield tag="100" ind1=" " ind2=" ">
      <subfield code="a">Lores Arnaiz, J..</subfield>
    </datafield>
    <datafield tag="700" ind1=" " ind2=" ">
      <subfield code="a">Torriani, H..</subfield>
    </datafield>
    <datafield tag="700" ind1=" " ind2=" ">
      <subfield code="a">Lamdan, S..</subfield>
    </datafield>
    <datafield tag="245" ind1=" " ind2=" ">
      <subfield code="a">Farmacoquímica</subfield>
      <subfield code="b"> : síntesis, estructura y propiedades de medicamentos orgánicos</subfield>
    </datafield>
    <datafield tag="260" ind1=" " ind2=" ">
      <subfield code="a">Buenos Aires</subfield>
      <subfield code="b"> : Eudeba</subfield>
      <subfield code="c"> , 1976</subfield>
    </datafield>
    <datafield tag="650" ind1=" " ind2=" ">
      <subfield code="a"> FARMACOQUIMICA</subfield>
    </datafield>
    <datafield tag="650" ind1=" " ind2=" ">
      <subfield code="a"> MEDICAMENTOS ORGANICOS</subfield>
    </datafield>
    <datafield tag="650" ind1=" " ind2=" ">
      <subfield code="a"> GENERICOS</subfield>
    </datafield>
    <datafield tag="650" ind1=" " ind2=" ">
      <subfield code="a"> QUIMICA FARMACEUTICA</subfield>
    </datafield>
    <datafield tag="942" ind1=" " ind2=" ">
      <subfield code="c">BK</subfield>
    </datafield>
    <datafield tag="952" ind1=" " ind2=" ">
      <subfield code="a">BIB_RECT</subfield>
      <subfield code="b">BIB_UARG</subfield>
      <subfield code="d">2018-04-04</subfield>
      <subfield code="y">BK</subfield>
      <subfield code="p">05-04582</subfield>
      <subfield code="i">05-04582</subfield>
      <subfield code="g">260</subfield>
      <subfield code="o">615.011 L869f</subfield>
      <subfield code="e">Don. Sra. de Oliva</subfield>
      <subfield code="8">CG</subfield>
    </datafield>
    <datafield tag="952" ind1=" " ind2=" ">
      <subfield code="a">BIB_RECT</subfield>
      <subfield code="b">BIB_UARG</subfield>
      <subfield code="d">2018-04-04</subfield>
      <subfield code="y">BK</subfield>
      <subfield code="p">05-09639</subfield>
      <subfield code="i">05-09639</subfield>
      <subfield code="g">260</subfield>
      <subfield code="o">615.011 L869f</subfield>
      <subfield code="e">Don. Sra. de Oliva</subfield>
      <subfield code="8">CG</subfield>
    </datafield>
    <datafield tag="952" ind1=" " ind2=" ">
      <subfield code="a">BIB_RECT</subfield>
      <subfield code="b">BIB_UARG</subfield>
      <subfield code="d">2018-04-04</subfield>
      <subfield code="y">BK</subfield>
      <subfield code="p">05-09664</subfield>
      <subfield code="i">05-09664</subfield>
      <subfield code="g">260</subfield>
      <subfield code="o">615.011 L869f</subfield>
      <subfield code="e">Don. Sra. de Oliva</subfield>
      <subfield code="8">CG</subfield>
    </datafield>
  </record>