
  <record>
    <leader>01000aam  22002601a 4500</leader>
    <controlfield tag="001">YPZ101363</controlfield>
    <controlfield tag="003">YPZ</controlfield>
    <controlfield tag="005">201804111222360</controlfield>
    <controlfield tag="008">180411|###########||||||b||||||||||spa|d</controlfield>
    <datafield tag="020" ind1=" " ind2=" ">
      <subfield code="a">8430109781</subfield>
    </datafield>
    <datafield tag="040" ind1=" " ind2=" ">
      <subfield code="c">SIUNPA</subfield>
    </datafield>
    <datafield tag="041" ind1=" " ind2=" ">
      <subfield code="a">spa</subfield>
    </datafield>
    <datafield tag="044" ind1=" " ind2=" ">
      <subfield code="a">ES</subfield>
    </datafield>
    <datafield tag="080" ind1=" " ind2=" ">
      <subfield code="a">17.01 C829r3</subfield>
    </datafield>
    <datafield tag="100" ind1=" " ind2=" ">
      <subfield code="a">Cortina, Adela.</subfield>
    </datafield>
    <datafield tag="245" ind1=" " ind2=" ">
      <subfield code="a">Razón comunicativa y responsabilidad solidaria</subfield>
      <subfield code="c"> / Apel, Karl-Otto, epílogo</subfield>
    </datafield>
    <datafield tag="250" ind1=" " ind2=" ">
      <subfield code="a">3a ed.</subfield>
    </datafield>
    <datafield tag="260" ind1=" " ind2=" ">
      <subfield code="a">Salamanca</subfield>
      <subfield code="b"> : Sígueme</subfield>
      <subfield code="c"> , c1985</subfield>
    </datafield>
    <datafield tag="440" ind1=" " ind2=" ">
      <subfield code="a">Hermeneia</subfield>
      <subfield code="v">25</subfield>
    </datafield>
    <datafield tag="490" ind1=" " ind2=" ">
      <subfield code="a">Hermeneia</subfield>
      <subfield code="v">25</subfield>
    </datafield>
    <datafield tag="500" ind1=" " ind2=" ">
      <subfield code="a">Con: Ética y política / Karl-Otto Apel (179-181 p.)</subfield>
    </datafield>
    <datafield tag="650" ind1=" " ind2=" ">
      <subfield code="a"> ETICA</subfield>
    </datafield>
    <datafield tag="650" ind1=" " ind2=" ">
      <subfield code="a"> FILOSOFIA POLITICA</subfield>
    </datafield>
    <datafield tag="942" ind1=" " ind2=" ">
      <subfield code="c">BK</subfield>
    </datafield>
    <datafield tag="952" ind1=" " ind2=" ">
      <subfield code="a">BIB_RECT</subfield>
      <subfield code="b">BIB_UACO</subfield>
      <subfield code="d">2018-04-11</subfield>
      <subfield code="y">BK</subfield>
      <subfield code="p">02-06585</subfield>
      <subfield code="i">02-06585</subfield>
      <subfield code="g">210</subfield>
      <subfield code="o">17.01 C829r3</subfield>
      <subfield code="e">FOMEC 585</subfield>
      <subfield code="8">CG</subfield>
    </datafield>
    <datafield tag="952" ind1=" " ind2=" ">
      <subfield code="a">BIB_RECT</subfield>
      <subfield code="b">BIB_UACO</subfield>
      <subfield code="d">2018-04-11</subfield>
      <subfield code="y">BK</subfield>
      <subfield code="p">02-06586</subfield>
      <subfield code="i">02-06586</subfield>
      <subfield code="g">210</subfield>
      <subfield code="o">17.01 C829r3</subfield>
      <subfield code="e">FOMEC 585</subfield>
      <subfield code="8">CG</subfield>
    </datafield>
    <datafield tag="952" ind1=" " ind2=" ">
      <subfield code="a">BIB_RECT</subfield>
      <subfield code="b">BIB_UACO</subfield>
      <subfield code="d">2018-04-11</subfield>
      <subfield code="y">BK</subfield>
      <subfield code="p">02-06587</subfield>
      <subfield code="i">02-06587</subfield>
      <subfield code="g">210</subfield>
      <subfield code="o">17.01 C829r3</subfield>
      <subfield code="e">FOMEC 585</subfield>
      <subfield code="8">CG</subfield>
    </datafield>
    <datafield tag="952" ind1=" " ind2=" ">
      <subfield code="a">BIB_RECT</subfield>
      <subfield code="b">BIB_UACO</subfield>
      <subfield code="d">2018-04-11</subfield>
      <subfield code="y">BK</subfield>
      <subfield code="p">02-06588</subfield>
      <subfield code="i">02-06588</subfield>
      <subfield code="g">210</subfield>
      <subfield code="o">17.01 C829r3</subfield>
      <subfield code="e">FOMEC 585</subfield>
      <subfield code="8">CG</subfield>
    </datafield>
    <datafield tag="952" ind1=" " ind2=" ">
      <subfield code="a">BIB_RECT</subfield>
      <subfield code="b">BIB_UACO</subfield>
      <subfield code="d">2018-04-11</subfield>
      <subfield code="y">BK</subfield>
      <subfield code="p">02-06589</subfield>
      <subfield code="i">02-06589</subfield>
      <subfield code="g">210</subfield>
      <subfield code="o">17.01 C829r3</subfield>
      <subfield code="e">FOMEC 585</subfield>
      <subfield code="8">CG</subfield>
    </datafield>
    <datafield tag="952" ind1=" " ind2=" ">
      <subfield code="a">BIB_RECT</subfield>
      <subfield code="b">BIB_UACO</subfield>
      <subfield code="d">2018-04-11</subfield>
      <subfield code="y">BK</subfield>
      <subfield code="p">02-06590</subfield>
      <subfield code="i">02-06590</subfield>
      <subfield code="g">210</subfield>
      <subfield code="o">17.01 C829r3</subfield>
      <subfield code="e">FOMEC 585</subfield>
      <subfield code="8">CG</subfield>
    </datafield>
    <datafield tag="952" ind1=" " ind2=" ">
      <subfield code="a">BIB_RECT</subfield>
      <subfield code="b">BIB_UACO</subfield>
      <subfield code="d">2018-04-11</subfield>
      <subfield code="y">BK</subfield>
      <subfield code="p">02-06591</subfield>
      <subfield code="i">02-06591</subfield>
      <subfield code="g">210</subfield>
      <subfield code="o">17.01 C829r3</subfield>
      <subfield code="e">FOMEC 585</subfield>
      <subfield code="8">CG</subfield>
    </datafield>
    <datafield tag="952" ind1=" " ind2=" ">
      <subfield code="a">BIB_RECT</subfield>
      <subfield code="b">BIB_UACO</subfield>
      <subfield code="d">2018-04-11</subfield>
      <subfield code="y">BK</subfield>
      <subfield code="p">02-06592</subfield>
      <subfield code="i">02-06592</subfield>
      <subfield code="g">210</subfield>
      <subfield code="o">17.01 C829r3</subfield>
      <subfield code="e">FOMEC 585</subfield>
      <subfield code="8">CG</subfield>
    </datafield>
    <datafield tag="952" ind1=" " ind2=" ">
      <subfield code="a">BIB_RECT</subfield>
      <subfield code="b">BIB_UACO</subfield>
      <subfield code="d">2018-04-11</subfield>
      <subfield code="y">BK</subfield>
      <subfield code="p">02-06593</subfield>
      <subfield code="i">02-06593</subfield>
      <subfield code="g">210</subfield>
      <subfield code="o">17.01 C829r3</subfield>
      <subfield code="e">FOMEC 585</subfield>
      <subfield code="8">CG</subfield>
    </datafield>
    <datafield tag="952" ind1=" " ind2=" ">
      <subfield code="a">BIB_RECT</subfield>
      <subfield code="b">BIB_UACO</subfield>
      <subfield code="d">2018-04-11</subfield>
      <subfield code="y">BK</subfield>
      <subfield code="p">02-06594</subfield>
      <subfield code="i">02-06594</subfield>
      <subfield code="g">210</subfield>
      <subfield code="o">17.01 C829r3</subfield>
      <subfield code="e">FOMEC 585</subfield>
      <subfield code="8">CG</subfield>
    </datafield>
    <datafield tag="952" ind1=" " ind2=" ">
      <subfield code="a">BIB_RECT</subfield>
      <subfield code="b">BIB_UACO</subfield>
      <subfield code="d">2018-04-11</subfield>
      <subfield code="y">BK</subfield>
      <subfield code="p">02-06595</subfield>
      <subfield code="i">02-06595</subfield>
      <subfield code="g">210</subfield>
      <subfield code="o">17.01 C829r3</subfield>
      <subfield code="e">FOMEC 585</subfield>
      <subfield code="8">CG</subfield>
    </datafield>
    <datafield tag="952" ind1=" " ind2=" ">
      <subfield code="a">BIB_RECT</subfield>
      <subfield code="b">BIB_UACO</subfield>
      <subfield code="d">2018-04-11</subfield>
      <subfield code="y">BK</subfield>
      <subfield code="p">02-06596</subfield>
      <subfield code="i">02-06596</subfield>
      <subfield code="g">210</subfield>
      <subfield code="o">17.01 C829r3</subfield>
      <subfield code="e">FOMEC 585</subfield>
      <subfield code="8">CG</subfield>
    </datafield>
  </record>