
  <record>
    <leader>01000aam  22002601a 4500</leader>
    <controlfield tag="001">YPZ101368</controlfield>
    <controlfield tag="003">YPZ</controlfield>
    <controlfield tag="005">201804191119130</controlfield>
    <controlfield tag="008">180419|###########||||||b||||||||||spa|d</controlfield>
    <datafield tag="020" ind1=" " ind2=" ">
      <subfield code="a">9788415295525</subfield>
    </datafield>
    <datafield tag="040" ind1=" " ind2=" ">
      <subfield code="c">SIUNPA</subfield>
    </datafield>
    <datafield tag="041" ind1=" " ind2=" ">
      <subfield code="a">spa</subfield>
    </datafield>
    <datafield tag="044" ind1=" " ind2=" ">
      <subfield code="a">AR</subfield>
    </datafield>
    <datafield tag="080" ind1=" " ind2=" ">
      <subfield code="a">378.18 U588u</subfield>
    </datafield>
    <datafield tag="100" ind1=" " ind2=" ">
      <subfield code="a">Blanco, Rafael.</subfield>
    </datafield>
    <datafield tag="700" ind1=" " ind2=" ">
      <subfield code="a">Carli, Sandra.</subfield>
    </datafield>
    <datafield tag="700" ind1=" " ind2=" ">
      <subfield code="a">Friedemann, Sergio.</subfield>
    </datafield>
    <datafield tag="700" ind1=" " ind2=" ">
      <subfield code="a">... [et al.].</subfield>
    </datafield>
    <datafield tag="245" ind1=" " ind2=" ">
      <subfield code="a">Universidad pública y experiencia estudiantil</subfield>
      <subfield code="b"> : historia, política y vida cotidiana</subfield>
      <subfield code="c"> / Carli, Sandra, dir. y comp.</subfield>
    </datafield>
    <datafield tag="250" ind1=" " ind2=" ">
      <subfield code="a">1a ed.</subfield>
    </datafield>
    <datafield tag="260" ind1=" " ind2=" ">
      <subfield code="a">Buenos Aires</subfield>
      <subfield code="b"> : Miño y Dávila</subfield>
      <subfield code="c"> , 2014</subfield>
    </datafield>
    <datafield tag="650" ind1=" " ind2=" ">
      <subfield code="a"> MOVIMIENTO ESTUDIANTIL</subfield>
    </datafield>
    <datafield tag="650" ind1=" " ind2=" ">
      <subfield code="a"> UNIVERSIDADES </subfield>
    </datafield>
    <datafield tag="650" ind1=" " ind2=" ">
      <subfield code="a"> POLITICA EDUCATIVA</subfield>
    </datafield>
    <datafield tag="650" ind1=" " ind2=" ">
      <subfield code="a"> HISTORIA DE LA UNIVERSIDAD</subfield>
    </datafield>
    <datafield tag="650" ind1=" " ind2=" ">
      <subfield code="a"> ESTUDIANTES </subfield>
    </datafield>
    <datafield tag="650" ind1=" " ind2=" ">
      <subfield code="a"> ARGENTINA</subfield>
    </datafield>
    <datafield tag="942" ind1=" " ind2=" ">
      <subfield code="c">BK</subfield>
    </datafield>
    <datafield tag="952" ind1=" " ind2=" ">
      <subfield code="a">BIB_RECT</subfield>
      <subfield code="b">BIB_UARG</subfield>
      <subfield code="d">2018-04-19</subfield>
      <subfield code="y">BK</subfield>
      <subfield code="p">05-49613</subfield>
      <subfield code="i">05-49613</subfield>
      <subfield code="g">310</subfield>
      <subfield code="o">378.18 U588u</subfield>
      <subfield code="e">PI 29/A344</subfield>
      <subfield code="8">CG</subfield>
    </datafield>
  </record>