
  <record>
    <leader>01000aam  22002601a 4500</leader>
    <controlfield tag="001">YPZ101376</controlfield>
    <controlfield tag="003">YPZ</controlfield>
    <controlfield tag="005">201804231111420</controlfield>
    <controlfield tag="008">180423|###########||||||b||||||||||spa|d</controlfield>
    <datafield tag="020" ind1=" " ind2=" ">
      <subfield code="a">9788449324864</subfield>
    </datafield>
    <datafield tag="040" ind1=" " ind2=" ">
      <subfield code="c">SIUNPA</subfield>
    </datafield>
    <datafield tag="041" ind1=" " ind2=" ">
      <subfield code="a">spa</subfield>
    </datafield>
    <datafield tag="044" ind1=" " ind2=" ">
      <subfield code="a">ES</subfield>
    </datafield>
    <datafield tag="080" ind1=" " ind2=" ">
      <subfield code="a">316.6 G367r</subfield>
    </datafield>
    <datafield tag="100" ind1=" " ind2=" ">
      <subfield code="a">Gergen, Kenneth Jay.</subfield>
    </datafield>
    <datafield tag="700" ind1=" " ind2=" ">
      <subfield code="a">Gergen, Mary.</subfield>
    </datafield>
    <datafield tag="245" ind1=" " ind2=" ">
      <subfield code="a">Reflexiones sobre la construcción social</subfield>
      <subfield code="c"> / Jiménez, Matilde, tr.</subfield>
    </datafield>
    <datafield tag="250" ind1=" " ind2=" ">
      <subfield code="a">1a ed.</subfield>
    </datafield>
    <datafield tag="260" ind1=" " ind2=" ">
      <subfield code="a">Madrid</subfield>
      <subfield code="b"> : Paidós</subfield>
      <subfield code="c"> , 2011</subfield>
    </datafield>
    <datafield tag="440" ind1=" " ind2=" ">
      <subfield code="a">Colección ideas en debate. Serie Educación</subfield>
      <subfield code="a">Alternativa pedagógica. Curriculum</subfield>
      <subfield code="a">Colección Educación y trabajo</subfield>
      <subfield code="a">Paidós cuestiones de educación</subfield>
      <subfield code="a">Lcrj' futuribles</subfield>
      <subfield code="a">Mínima</subfield>
      <subfield code="a">Psicología, Psiquiatría y Psicoanálisis</subfield>
      <subfield code="v">248</subfield>
    </datafield>
    <datafield tag="490" ind1=" " ind2=" ">
      <subfield code="a">Colección ideas en debate. Serie Educación</subfield>
      <subfield code="a">Alternativa pedagógica. Curriculum</subfield>
      <subfield code="a">Colección Educación y trabajo</subfield>
      <subfield code="a">Paidós cuestiones de educación</subfield>
      <subfield code="a">Lcrj' futuribles</subfield>
      <subfield code="a">Mínima</subfield>
      <subfield code="a">Psicología, Psiquiatría y Psicoanálisis</subfield>
      <subfield code="v">248</subfield>
    </datafield>
    <datafield tag="650" ind1=" " ind2=" ">
      <subfield code="a"> PSICOLOGIA SOCIAL</subfield>
    </datafield>
    <datafield tag="650" ind1=" " ind2=" ">
      <subfield code="a"> SOCIOLOGIA</subfield>
    </datafield>
    <datafield tag="942" ind1=" " ind2=" ">
      <subfield code="c">BK</subfield>
    </datafield>
    <datafield tag="952" ind1=" " ind2=" ">
      <subfield code="a">BIB_RECT</subfield>
      <subfield code="b">BIB_UARG</subfield>
      <subfield code="d">2018-04-23</subfield>
      <subfield code="y">BK</subfield>
      <subfield code="p">05-49622</subfield>
      <subfield code="i">05-49622</subfield>
      <subfield code="g">230</subfield>
      <subfield code="o">316.6 G367r</subfield>
      <subfield code="e">PI 29/A388-1</subfield>
      <subfield code="8">CG</subfield>
    </datafield>
  </record>