
  <record>
    <leader>01000aam  22002601a 4500</leader>
    <controlfield tag="001">YPZ101382</controlfield>
    <controlfield tag="003">YPZ</controlfield>
    <controlfield tag="005">201805041137060</controlfield>
    <controlfield tag="008">180504|###########||||||b||||||||||spa|d</controlfield>
    <datafield tag="020" ind1=" " ind2=" ">
      <subfield code="a">9788497207126</subfield>
    </datafield>
    <datafield tag="040" ind1=" " ind2=" ">
      <subfield code="c">SIUNPA</subfield>
    </datafield>
    <datafield tag="041" ind1=" " ind2=" ">
      <subfield code="a">spa</subfield>
    </datafield>
    <datafield tag="044" ind1=" " ind2=" ">
      <subfield code="a">ES</subfield>
    </datafield>
    <datafield tag="080" ind1=" " ind2=" ">
      <subfield code="a">305-053.3 B976b</subfield>
    </datafield>
    <datafield tag="245" ind1=" " ind2=" ">
      <subfield code="a">Buscando el final del arcoíris</subfield>
      <subfield code="b"> : una exploración de las prácticas de crianza desde la fluidez de género</subfield>
      <subfield code="c"> / Green, Fiona Joy, ed. ; Friedman, May, ed. ; Fontal, Yolanda, tr. ; Platero, Raquel (Lucas) rev.</subfield>
    </datafield>
    <datafield tag="260" ind1=" " ind2=" ">
      <subfield code="a">Barcelona</subfield>
      <subfield code="b"> : Bellaterra</subfield>
      <subfield code="c"> , 2015</subfield>
    </datafield>
    <datafield tag="440" ind1=" " ind2=" ">
      <subfield code="a">Sociedad / Biblos</subfield>
      <subfield code="a">Libros del Zorzal</subfield>
      <subfield code="a">Colección Ciencias Sociales / Espacio</subfield>
      <subfield code="a">Serie general universitaria</subfield>
      <subfield code="v">162</subfield>
    </datafield>
    <datafield tag="490" ind1=" " ind2=" ">
      <subfield code="a">Sociedad / Biblos</subfield>
      <subfield code="a">Libros del Zorzal</subfield>
      <subfield code="a">Colección Ciencias Sociales / Espacio</subfield>
      <subfield code="a">Serie general universitaria</subfield>
      <subfield code="v">162</subfield>
    </datafield>
    <datafield tag="650" ind1=" " ind2=" ">
      <subfield code="a"> TRANSEXUALISMO   EDUCACION FAMILIAR</subfield>
    </datafield>
    <datafield tag="650" ind1=" " ind2=" ">
      <subfield code="a"> ROL SEXUAL</subfield>
    </datafield>
    <datafield tag="650" ind1=" " ind2=" ">
      <subfield code="a"> SEXUALIDAD</subfield>
    </datafield>
    <datafield tag="650" ind1=" " ind2=" ">
      <subfield code="a"> IDENTIDAD DE GENERO</subfield>
    </datafield>
    <datafield tag="942" ind1=" " ind2=" ">
      <subfield code="c">BK</subfield>
    </datafield>
    <datafield tag="952" ind1=" " ind2=" ">
      <subfield code="a">BIB_RECT</subfield>
      <subfield code="b">BIB_UASJ</subfield>
      <subfield code="d">2018-05-04</subfield>
      <subfield code="y">BK</subfield>
      <subfield code="p">04-49628</subfield>
      <subfield code="i">04-49628</subfield>
      <subfield code="g">280</subfield>
      <subfield code="o">305-053.3 B976b</subfield>
      <subfield code="e">Proy. Extension Mujeres 3.0</subfield>
      <subfield code="8">CG</subfield>
    </datafield>
  </record>