
  <record>
    <leader>01000aam  22002601a 4500</leader>
    <controlfield tag="001">YPZ101414</controlfield>
    <controlfield tag="003">YPZ</controlfield>
    <controlfield tag="005">201805230937310</controlfield>
    <controlfield tag="008">180523|###########||||||b||||||||||spa|d</controlfield>
    <datafield tag="020" ind1=" " ind2=" ">
      <subfield code="a">9682441412</subfield>
    </datafield>
    <datafield tag="040" ind1=" " ind2=" ">
      <subfield code="c">SIUNPA</subfield>
    </datafield>
    <datafield tag="041" ind1=" " ind2=" ">
      <subfield code="a">spa</subfield>
    </datafield>
    <datafield tag="044" ind1=" " ind2=" ">
      <subfield code="a">AR</subfield>
    </datafield>
    <datafield tag="080" ind1=" " ind2=" ">
      <subfield code="a">514.1 B632g</subfield>
    </datafield>
    <datafield tag="100" ind1=" " ind2=" ">
      <subfield code="a">Blackwell, William.</subfield>
    </datafield>
    <datafield tag="245" ind1=" " ind2=" ">
      <subfield code="a">La geometría en la arquitectura</subfield>
      <subfield code="c"> / Döring, Arturo R., tr. ; Vélez González, Roberto, rev. técnica</subfield>
    </datafield>
    <datafield tag="250" ind1=" " ind2=" ">
      <subfield code="a">1a ed.</subfield>
    </datafield>
    <datafield tag="260" ind1=" " ind2=" ">
      <subfield code="a">Buenos Aires</subfield>
      <subfield code="b"> : Trillas</subfield>
      <subfield code="c"> , 1991</subfield>
    </datafield>
    <datafield tag="650" ind1=" " ind2=" ">
      <subfield code="a"> GEOMETRIA  TRIGONOMETRIA</subfield>
    </datafield>
    <datafield tag="650" ind1=" " ind2=" ">
      <subfield code="a"> POLIGONOS </subfield>
    </datafield>
    <datafield tag="650" ind1=" " ind2=" ">
      <subfield code="a"> FIGURAS GEOMETRICAS</subfield>
    </datafield>
    <datafield tag="650" ind1=" " ind2=" ">
      <subfield code="a"> ARQUITECTURA</subfield>
    </datafield>
    <datafield tag="942" ind1=" " ind2=" ">
      <subfield code="c">BK</subfield>
    </datafield>
    <datafield tag="952" ind1=" " ind2=" ">
      <subfield code="a">BIB_RECT</subfield>
      <subfield code="b">BIB_UACO</subfield>
      <subfield code="d">2018-05-23</subfield>
      <subfield code="y">BK</subfield>
      <subfield code="p">02-04128</subfield>
      <subfield code="i">02-04128</subfield>
      <subfield code="g">210</subfield>
      <subfield code="o">514.1 B632g</subfield>
      <subfield code="e">FOMEC 97</subfield>
      <subfield code="8">CG</subfield>
    </datafield>
    <datafield tag="952" ind1=" " ind2=" ">
      <subfield code="a">BIB_RECT</subfield>
      <subfield code="b">BIB_UACO</subfield>
      <subfield code="d">2018-05-23</subfield>
      <subfield code="y">BK</subfield>
      <subfield code="p">02-04129</subfield>
      <subfield code="i">02-04129</subfield>
      <subfield code="g">210</subfield>
      <subfield code="o">514.1 B632g</subfield>
      <subfield code="e">FOMEC 97</subfield>
      <subfield code="8">CG</subfield>
    </datafield>
  </record>