
  <record>
    <leader>01000aam  22002601a 4500</leader>
    <controlfield tag="001">YPZ101415</controlfield>
    <controlfield tag="003">YPZ</controlfield>
    <controlfield tag="005">201805230959430</controlfield>
    <controlfield tag="008">180523|###########||||||b||||||||||spa|d</controlfield>
    <datafield tag="020" ind1=" " ind2=" ">
      <subfield code="a">9789871881659</subfield>
    </datafield>
    <datafield tag="040" ind1=" " ind2=" ">
      <subfield code="c">SIUNPA</subfield>
    </datafield>
    <datafield tag="041" ind1=" " ind2=" ">
      <subfield code="a">spa</subfield>
    </datafield>
    <datafield tag="044" ind1=" " ind2=" ">
      <subfield code="a">AR</subfield>
    </datafield>
    <datafield tag="080" ind1=" " ind2=" ">
      <subfield code="a">004.738.5-057.4</subfield>
    </datafield>
    <datafield tag="100" ind1=" " ind2=" ">
      <subfield code="a">Saade, Sergio D..</subfield>
    </datafield>
    <datafield tag="245" ind1=" " ind2=" ">
      <subfield code="a">Protocolos de comunicación en internet</subfield>
      <subfield code="c"> / Estefan, Julio, ed.</subfield>
    </datafield>
    <datafield tag="260" ind1=" " ind2=" ">
      <subfield code="a">San Miguel de Tucumán</subfield>
      <subfield code="b"> : EDUNT, Editorial de la Universidad Nacional de Tucumán</subfield>
      <subfield code="c"> , 2016</subfield>
    </datafield>
    <datafield tag="440" ind1=" " ind2=" ">
      <subfield code="a">Colección Educación y Didáctica. Serie fichas de investigación</subfield>
      <subfield code="a">Biblioteca Adriana Puiggrós</subfield>
      <subfield code="a">Colección archivos de Didáctica. Serie fichas de investigación</subfield>
      <subfield code="a">Cuadernos del CEDE</subfield>
      <subfield code="a">Intelectuales</subfield>
      <subfield code="a">Noveduc / Perfiles</subfield>
      <subfield code="a">Colección saberes académicos</subfield>
      <subfield code="v">5</subfield>
    </datafield>
    <datafield tag="490" ind1=" " ind2=" ">
      <subfield code="a">Colección Educación y Didáctica. Serie fichas de investigación</subfield>
      <subfield code="a">Biblioteca Adriana Puiggrós</subfield>
      <subfield code="a">Colección archivos de Didáctica. Serie fichas de investigación</subfield>
      <subfield code="a">Cuadernos del CEDE</subfield>
      <subfield code="a">Intelectuales</subfield>
      <subfield code="a">Noveduc / Perfiles</subfield>
      <subfield code="a">Colección saberes académicos</subfield>
      <subfield code="v">5</subfield>
    </datafield>
    <datafield tag="500" ind1=" " ind2=" ">
      <subfield code="a">En port.: Incluye IPv6</subfield>
    </datafield>
    <datafield tag="650" ind1=" " ind2=" ">
      <subfield code="a"> PROTOCOLOS DE COMUNICACION</subfield>
    </datafield>
    <datafield tag="650" ind1=" " ind2=" ">
      <subfield code="a"> TCP/IP</subfield>
    </datafield>
    <datafield tag="650" ind1=" " ind2=" ">
      <subfield code="a"> REDES INFORMATICAS</subfield>
    </datafield>
    <datafield tag="650" ind1=" " ind2=" ">
      <subfield code="a"> INTERNET</subfield>
    </datafield>
    <datafield tag="942" ind1=" " ind2=" ">
      <subfield code="c">BK</subfield>
    </datafield>
    <datafield tag="952" ind1=" " ind2=" ">
      <subfield code="a">BIB_RECT</subfield>
      <subfield code="b">BIB_UART</subfield>
      <subfield code="d">2018-05-23</subfield>
      <subfield code="y">BK</subfield>
      <subfield code="p">03-49674</subfield>
      <subfield code="i">03-49674</subfield>
      <subfield code="g">260</subfield>
      <subfield code="o">004.738.5-057.4</subfield>
      <subfield code="e">Donación Saade, Sergio</subfield>
      <subfield code="8">CG</subfield>
    </datafield>
    <datafield tag="952" ind1=" " ind2=" ">
      <subfield code="a">BIB_RECT</subfield>
      <subfield code="b">BIB_UARG</subfield>
      <subfield code="d">2018-05-23</subfield>
      <subfield code="y">BK</subfield>
      <subfield code="p">05-49673</subfield>
      <subfield code="i">05-49673</subfield>
      <subfield code="g">260</subfield>
      <subfield code="o">004.738.5-057.4</subfield>
      <subfield code="e">Donación Saade, Sergio</subfield>
      <subfield code="8">CG</subfield>
    </datafield>
  </record>