
  <record>
    <leader>01000aam  22002601a 4500</leader>
    <controlfield tag="001">YPZ101416</controlfield>
    <controlfield tag="003">YPZ</controlfield>
    <controlfield tag="005">201805231042580</controlfield>
    <controlfield tag="008">180523|###########||||||b||||||||||spa|d</controlfield>
    <datafield tag="020" ind1=" " ind2=" ">
      <subfield code="a">8429150463 (o.c.)</subfield>
    </datafield>
    <datafield tag="020" ind1=" " ind2=" ">
      <subfield code="a">842915082X (t.1)</subfield>
    </datafield>
    <datafield tag="020" ind1=" " ind2=" ">
      <subfield code="a">8429150471(t.2)</subfield>
    </datafield>
    <datafield tag="040" ind1=" " ind2=" ">
      <subfield code="c">SIUNPA</subfield>
    </datafield>
    <datafield tag="041" ind1=" " ind2=" ">
      <subfield code="a">spa</subfield>
    </datafield>
    <datafield tag="044" ind1=" " ind2=" ">
      <subfield code="a">ES</subfield>
    </datafield>
    <datafield tag="080" ind1=" " ind2=" ">
      <subfield code="a">512.64 H468a</subfield>
    </datafield>
    <datafield tag="100" ind1=" " ind2=" ">
      <subfield code="a">Heinhold, Joseph.</subfield>
    </datafield>
    <datafield tag="700" ind1=" " ind2=" ">
      <subfield code="a">Riedmüller, Bruno.</subfield>
    </datafield>
    <datafield tag="245" ind1=" " ind2=" ">
      <subfield code="a">Álgebra lineal y geometría analítica</subfield>
      <subfield code="c"> / Fernández Arias, Arruto, versión española ; Lines Escardó, Enrique, rev.</subfield>
    </datafield>
    <datafield tag="260" ind1=" " ind2=" ">
      <subfield code="a">Barcelona</subfield>
      <subfield code="b"> : Reverté</subfield>
      <subfield code="c"> , 1980-1981</subfield>
    </datafield>
    <datafield tag="650" ind1=" " ind2=" ">
      <subfield code="a"> ALGEBRA  ALGEBRA LINEAL</subfield>
    </datafield>
    <datafield tag="650" ind1=" " ind2=" ">
      <subfield code="a"> GEOMETRIA </subfield>
    </datafield>
    <datafield tag="650" ind1=" " ind2=" ">
      <subfield code="a"> GEOMETRIA ANALITICA</subfield>
    </datafield>
    <datafield tag="942" ind1=" " ind2=" ">
      <subfield code="c">BK</subfield>
    </datafield>
    <datafield tag="952" ind1=" " ind2=" ">
      <subfield code="a">BIB_RECT</subfield>
      <subfield code="b">BIB_UACO</subfield>
      <subfield code="d">2018-05-23</subfield>
      <subfield code="y">BK</subfield>
      <subfield code="p">02-05970</subfield>
      <subfield code="i">02-05970</subfield>
      <subfield code="g">320</subfield>
      <subfield code="o">512.64 H468a</subfield>
      <subfield code="e">FOMEC 97</subfield>
      <subfield code="8">CG</subfield>
    </datafield>
    <datafield tag="952" ind1=" " ind2=" ">
      <subfield code="a">BIB_RECT</subfield>
      <subfield code="b">BIB_UACO</subfield>
      <subfield code="d">2018-05-23</subfield>
      <subfield code="y">BK</subfield>
      <subfield code="p">02-05971</subfield>
      <subfield code="i">02-05971</subfield>
      <subfield code="g">320</subfield>
      <subfield code="o">512.64 H468a</subfield>
      <subfield code="e">FOMEC 97</subfield>
      <subfield code="8">CG</subfield>
    </datafield>
    <datafield tag="952" ind1=" " ind2=" ">
      <subfield code="a">BIB_RECT</subfield>
      <subfield code="b">BIB_UACO</subfield>
      <subfield code="d">2018-05-23</subfield>
      <subfield code="y">BK</subfield>
      <subfield code="p">02-05972</subfield>
      <subfield code="i">02-05972</subfield>
      <subfield code="g">320</subfield>
      <subfield code="o">512.64 H468a</subfield>
      <subfield code="e">FOMEC 97</subfield>
      <subfield code="8">CG</subfield>
    </datafield>
    <datafield tag="952" ind1=" " ind2=" ">
      <subfield code="a">BIB_RECT</subfield>
      <subfield code="b">BIB_UACO</subfield>
      <subfield code="d">2018-05-23</subfield>
      <subfield code="y">BK</subfield>
      <subfield code="p">02-05973</subfield>
      <subfield code="i">02-05973</subfield>
      <subfield code="g">320</subfield>
      <subfield code="o">512.64 H468a</subfield>
      <subfield code="e">FOMEC 97</subfield>
      <subfield code="8">CG</subfield>
    </datafield>
    <datafield tag="952" ind1=" " ind2=" ">
      <subfield code="a">BIB_RECT</subfield>
      <subfield code="b">BIB_UACO</subfield>
      <subfield code="d">2018-05-23</subfield>
      <subfield code="y">BK</subfield>
      <subfield code="p">02-05974</subfield>
      <subfield code="i">02-05974</subfield>
      <subfield code="g">320</subfield>
      <subfield code="o">512.64 H468a</subfield>
      <subfield code="e">FOMEC 97</subfield>
      <subfield code="8">CG</subfield>
    </datafield>
    <datafield tag="952" ind1=" " ind2=" ">
      <subfield code="a">BIB_RECT</subfield>
      <subfield code="b">BIB_UACO</subfield>
      <subfield code="d">2018-05-23</subfield>
      <subfield code="y">BK</subfield>
      <subfield code="p">02-05975</subfield>
      <subfield code="i">02-05975</subfield>
      <subfield code="g">320</subfield>
      <subfield code="o">512.64 H468a</subfield>
      <subfield code="e">FOMEC 97</subfield>
      <subfield code="8">CG</subfield>
    </datafield>
    <datafield tag="952" ind1=" " ind2=" ">
      <subfield code="a">BIB_RECT</subfield>
      <subfield code="b">BIB_UACO</subfield>
      <subfield code="d">2018-05-23</subfield>
      <subfield code="y">BK</subfield>
      <subfield code="p">02-05976</subfield>
      <subfield code="i">02-05976</subfield>
      <subfield code="g">320</subfield>
      <subfield code="o">512.64 H468a</subfield>
      <subfield code="e">FOMEC 97</subfield>
      <subfield code="8">CG</subfield>
    </datafield>
    <datafield tag="952" ind1=" " ind2=" ">
      <subfield code="a">BIB_RECT</subfield>
      <subfield code="b">BIB_UACO</subfield>
      <subfield code="d">2018-05-23</subfield>
      <subfield code="y">BK</subfield>
      <subfield code="p">02-05977</subfield>
      <subfield code="i">02-05977</subfield>
      <subfield code="g">320</subfield>
      <subfield code="o">512.64 H468a</subfield>
      <subfield code="e">FOMEC 97</subfield>
      <subfield code="8">CG</subfield>
    </datafield>
    <datafield tag="952" ind1=" " ind2=" ">
      <subfield code="a">BIB_RECT</subfield>
      <subfield code="b">BIB_UACO</subfield>
      <subfield code="d">2018-05-23</subfield>
      <subfield code="y">BK</subfield>
      <subfield code="p">02-05978</subfield>
      <subfield code="i">02-05978</subfield>
      <subfield code="g">320</subfield>
      <subfield code="o">512.64 H468a</subfield>
      <subfield code="e">FOMEC 97</subfield>
      <subfield code="8">CG</subfield>
    </datafield>
    <datafield tag="952" ind1=" " ind2=" ">
      <subfield code="a">BIB_RECT</subfield>
      <subfield code="b">BIB_UACO</subfield>
      <subfield code="d">2018-05-23</subfield>
      <subfield code="y">BK</subfield>
      <subfield code="p">02-05979</subfield>
      <subfield code="i">02-05979</subfield>
      <subfield code="g">320</subfield>
      <subfield code="o">512.64 H468a</subfield>
      <subfield code="e">FOMEC 97</subfield>
      <subfield code="8">CG</subfield>
    </datafield>
  </record>