
  <record>
    <leader>01000aam  22002601a 4500</leader>
    <controlfield tag="001">YPZ101417</controlfield>
    <controlfield tag="003">YPZ</controlfield>
    <controlfield tag="005">201805231130200</controlfield>
    <controlfield tag="008">180523|###########||||||b||||||||||spa|d</controlfield>
    <datafield tag="020" ind1=" " ind2=" ">
      <subfield code="a">8449305187</subfield>
    </datafield>
    <datafield tag="040" ind1=" " ind2=" ">
      <subfield code="c">SIUNPA</subfield>
    </datafield>
    <datafield tag="041" ind1=" " ind2=" ">
      <subfield code="a">spa</subfield>
    </datafield>
    <datafield tag="044" ind1=" " ind2=" ">
      <subfield code="a">ES</subfield>
    </datafield>
    <datafield tag="080" ind1=" " ind2=" ">
      <subfield code="a">316.77 E826e</subfield>
    </datafield>
    <datafield tag="245" ind1=" " ind2=" ">
      <subfield code="a">Estudios culturales y comunicación</subfield>
      <subfield code="b"> : análisis, producción y consumo cultural de las políticas de identidad y posmodernismo</subfield>
      <subfield code="c"> / Curran, James, comp. ; Morley, David, comp. ; Walkerdine, Valerie, comp. ; Poblete, Esther, tr., introd. general y cap. 1-6 ; Palou, Jordi, tr., introd. y cap. 7-16</subfield>
    </datafield>
    <datafield tag="250" ind1=" " ind2=" ">
      <subfield code="a">1a ed.</subfield>
    </datafield>
    <datafield tag="260" ind1=" " ind2=" ">
      <subfield code="a">Barcelona</subfield>
      <subfield code="b"> : Paidós</subfield>
      <subfield code="c"> , 1998</subfield>
    </datafield>
    <datafield tag="440" ind1=" " ind2=" ">
      <subfield code="a">Paidós comunicación</subfield>
      <subfield code="v">90</subfield>
    </datafield>
    <datafield tag="490" ind1=" " ind2=" ">
      <subfield code="a">Paidós comunicación</subfield>
      <subfield code="v">90</subfield>
    </datafield>
    <datafield tag="650" ind1=" " ind2=" ">
      <subfield code="a"> SOCIOLOGIA DE LA CULTURA</subfield>
    </datafield>
    <datafield tag="650" ind1=" " ind2=" ">
      <subfield code="a"> MEDIOS DE COMUNICACION</subfield>
    </datafield>
    <datafield tag="650" ind1=" " ind2=" ">
      <subfield code="a"> IDENTIDAD CULTURAL</subfield>
    </datafield>
    <datafield tag="650" ind1=" " ind2=" ">
      <subfield code="a"> POSMODERNISMO</subfield>
    </datafield>
    <datafield tag="942" ind1=" " ind2=" ">
      <subfield code="c">BK</subfield>
    </datafield>
    <datafield tag="952" ind1=" " ind2=" ">
      <subfield code="a">BIB_RECT</subfield>
      <subfield code="b">BIB_UACO</subfield>
      <subfield code="d">2018-05-23</subfield>
      <subfield code="y">BK</subfield>
      <subfield code="p">02-06650</subfield>
      <subfield code="i">02-06650</subfield>
      <subfield code="g">450</subfield>
      <subfield code="o">316.77 E826e</subfield>
      <subfield code="e">Compra SIUNPA</subfield>
      <subfield code="8">CG</subfield>
    </datafield>
    <datafield tag="952" ind1=" " ind2=" ">
      <subfield code="a">BIB_RECT</subfield>
      <subfield code="b">BIB_UACO</subfield>
      <subfield code="d">2018-05-23</subfield>
      <subfield code="y">BK</subfield>
      <subfield code="p">02-06651</subfield>
      <subfield code="i">02-06651</subfield>
      <subfield code="g">450</subfield>
      <subfield code="o">316.77 E826e</subfield>
      <subfield code="e">Compra SIUNPA</subfield>
      <subfield code="8">CG</subfield>
    </datafield>
    <datafield tag="952" ind1=" " ind2=" ">
      <subfield code="a">BIB_RECT</subfield>
      <subfield code="b">BIB_UACO</subfield>
      <subfield code="d">2018-05-23</subfield>
      <subfield code="y">BK</subfield>
      <subfield code="p">02-06652</subfield>
      <subfield code="i">02-06652</subfield>
      <subfield code="g">450</subfield>
      <subfield code="o">316.77 E826e</subfield>
      <subfield code="e">Compra SIUNPA</subfield>
      <subfield code="8">CG</subfield>
    </datafield>
    <datafield tag="952" ind1=" " ind2=" ">
      <subfield code="a">BIB_RECT</subfield>
      <subfield code="b">BIB_UACO</subfield>
      <subfield code="d">2018-05-23</subfield>
      <subfield code="y">BK</subfield>
      <subfield code="p">02-06653</subfield>
      <subfield code="i">02-06653</subfield>
      <subfield code="g">450</subfield>
      <subfield code="o">316.77 E826e</subfield>
      <subfield code="e">Compra SIUNPA</subfield>
      <subfield code="8">CG</subfield>
    </datafield>
  </record>