
  <record>
    <leader>01000aam  22002601a 4500</leader>
    <controlfield tag="001">YPZ101435</controlfield>
    <controlfield tag="003">YPZ</controlfield>
    <controlfield tag="005">201805300851090</controlfield>
    <controlfield tag="008">180530|###########||||||b||||||||||spa|d</controlfield>
    <datafield tag="020" ind1=" " ind2=" ">
      <subfield code="a">9789275330654</subfield>
    </datafield>
    <datafield tag="040" ind1=" " ind2=" ">
      <subfield code="c">SIUNPA</subfield>
    </datafield>
    <datafield tag="041" ind1=" " ind2=" ">
      <subfield code="a">eng</subfield>
    </datafield>
    <datafield tag="044" ind1=" " ind2=" ">
      <subfield code="a">US</subfield>
    </datafield>
    <datafield tag="080" ind1=" " ind2=" ">
      <subfield code="a">159.97 S181s2</subfield>
    </datafield>
    <datafield tag="245" ind1=" " ind2=" ">
      <subfield code="a">Salud mental en la comunidad</subfield>
      <subfield code="b"> : segunda edición</subfield>
      <subfield code="c"> / Rodríguez, Jorge J., ed.</subfield>
    </datafield>
    <datafield tag="250" ind1=" " ind2=" ">
      <subfield code="a">2a ed.</subfield>
    </datafield>
    <datafield tag="260" ind1=" " ind2=" ">
      <subfield code="a">Washington, D.C.</subfield>
      <subfield code="b"> : Organización Panamericana de la Salud, OPS</subfield>
      <subfield code="c"> , 2009</subfield>
    </datafield>
    <datafield tag="440" ind1=" " ind2=" ">
      <subfield code="a">Serie de compendios Schaum</subfield>
      <subfield code="a">Letras / Edicom</subfield>
      <subfield code="a">Colección de autores griegos y latinos. Serie C. Vol. 3. Fasc. 3</subfield>
      <subfield code="a">The latin american studios book series</subfield>
      <subfield code="a">Obras poética de Borges</subfield>
      <subfield code="a">Serie PALTEX para ejecutores de programas de salud</subfield>
      <subfield code="v">49</subfield>
    </datafield>
    <datafield tag="490" ind1=" " ind2=" ">
      <subfield code="a">Serie de compendios Schaum</subfield>
      <subfield code="a">Letras / Edicom</subfield>
      <subfield code="a">Colección de autores griegos y latinos. Serie C. Vol. 3. Fasc. 3</subfield>
      <subfield code="a">The latin american studios book series</subfield>
      <subfield code="a">Obras poética de Borges</subfield>
      <subfield code="a">Serie PALTEX para ejecutores de programas de salud</subfield>
      <subfield code="v">49</subfield>
    </datafield>
    <datafield tag="650" ind1=" " ind2=" ">
      <subfield code="a"> SALUD MENTAL</subfield>
    </datafield>
    <datafield tag="650" ind1=" " ind2=" ">
      <subfield code="a"> SALUD PUBLICA</subfield>
    </datafield>
    <datafield tag="650" ind1=" " ind2=" ">
      <subfield code="a"> PSICOLOGIA COMUNITARIA</subfield>
    </datafield>
    <datafield tag="650" ind1=" " ind2=" ">
      <subfield code="a"> AMERICA LATINA </subfield>
    </datafield>
    <datafield tag="650" ind1=" " ind2=" ">
      <subfield code="a"> SERVICIOS DE SALUD MENTAL PARA LA COMUNIDAD</subfield>
    </datafield>
    <datafield tag="942" ind1=" " ind2=" ">
      <subfield code="c">BK</subfield>
    </datafield>
    <datafield tag="952" ind1=" " ind2=" ">
      <subfield code="a">BIB_RECT</subfield>
      <subfield code="b">BIB_UARG</subfield>
      <subfield code="d">2018-05-30</subfield>
      <subfield code="y">BK</subfield>
      <subfield code="p">05-49692</subfield>
      <subfield code="i">05-49692</subfield>
      <subfield code="g">900</subfield>
      <subfield code="o">159.97 S181s2</subfield>
      <subfield code="e">PALTEX</subfield>
      <subfield code="8">CG</subfield>
    </datafield>
    <datafield tag="952" ind1=" " ind2=" ">
      <subfield code="a">BIB_RECT</subfield>
      <subfield code="b">BIB_UARG</subfield>
      <subfield code="d">2018-05-30</subfield>
      <subfield code="y">BK</subfield>
      <subfield code="p">05-49693</subfield>
      <subfield code="i">05-49693</subfield>
      <subfield code="g">900</subfield>
      <subfield code="o">159.97 S181s2</subfield>
      <subfield code="e">PALTEX</subfield>
      <subfield code="8">CG</subfield>
    </datafield>
    <datafield tag="952" ind1=" " ind2=" ">
      <subfield code="a">BIB_RECT</subfield>
      <subfield code="b">BIB_UARG</subfield>
      <subfield code="d">2018-05-30</subfield>
      <subfield code="y">BK</subfield>
      <subfield code="p">05-49694</subfield>
      <subfield code="i">05-49694</subfield>
      <subfield code="g">900</subfield>
      <subfield code="o">159.97 S181s2</subfield>
      <subfield code="e">PALTEX</subfield>
      <subfield code="8">CG</subfield>
    </datafield>
    <datafield tag="952" ind1=" " ind2=" ">
      <subfield code="a">BIB_RECT</subfield>
      <subfield code="b">BIB_UARG</subfield>
      <subfield code="d">2018-05-30</subfield>
      <subfield code="y">BK</subfield>
      <subfield code="p">05-49695</subfield>
      <subfield code="i">05-49695</subfield>
      <subfield code="g">900</subfield>
      <subfield code="o">159.97 S181s2</subfield>
      <subfield code="e">PALTEX</subfield>
      <subfield code="8">CG</subfield>
    </datafield>
  </record>