
  <record>
    <leader>01000aam  22002601a 4500</leader>
    <controlfield tag="001">YPZ101454</controlfield>
    <controlfield tag="003">YPZ</controlfield>
    <controlfield tag="005">201806060902170</controlfield>
    <controlfield tag="008">180606|###########||||||b||||||||||spa|d</controlfield>
    <datafield tag="040" ind1=" " ind2=" ">
      <subfield code="c">SIUNPA</subfield>
    </datafield>
    <datafield tag="041" ind1=" " ind2=" ">
      <subfield code="a">spa</subfield>
    </datafield>
    <datafield tag="044" ind1=" " ind2=" ">
      <subfield code="a">ES</subfield>
    </datafield>
    <datafield tag="080" ind1=" " ind2=" ">
      <subfield code="a">R617-089 G841a</subfield>
    </datafield>
    <datafield tag="100" ind1=" " ind2=" ">
      <subfield code="a">Grewe, Horst-Eberhard.</subfield>
    </datafield>
    <datafield tag="700" ind1=" " ind2=" ">
      <subfield code="a">Kremer, Karl.</subfield>
    </datafield>
    <datafield tag="700" ind1=" " ind2=" ">
      <subfield code="a">Torner, Baduell, C.E..</subfield>
    </datafield>
    <datafield tag="245" ind1=" " ind2=" ">
      <subfield code="a">Atlas de técnica quirúrgica</subfield>
      <subfield code="c"> / Grewe, Horst-Eberhard, tr. y adaptación ; Kremer, Karl, tr. y adaptación</subfield>
    </datafield>
    <datafield tag="250" ind1=" " ind2=" ">
      <subfield code="a">1a ed.</subfield>
    </datafield>
    <datafield tag="260" ind1=" " ind2=" ">
      <subfield code="a">Barcelona</subfield>
      <subfield code="b"> : Salvat</subfield>
      <subfield code="c"> , reimpr.1966</subfield>
    </datafield>
    <datafield tag="650" ind1=" " ind2=" ">
      <subfield code="a"> CIRUGIA</subfield>
    </datafield>
    <datafield tag="650" ind1=" " ind2=" ">
      <subfield code="a"> INSTRUMENTOS QUIRURGICOS</subfield>
    </datafield>
    <datafield tag="942" ind1=" " ind2=" ">
      <subfield code="c">BK</subfield>
    </datafield>
    <datafield tag="952" ind1=" " ind2=" ">
      <subfield code="a">BIB_RECT</subfield>
      <subfield code="b">BIB_UASJ</subfield>
      <subfield code="d">2018-06-06</subfield>
      <subfield code="y">BK</subfield>
      <subfield code="p">04-49716</subfield>
      <subfield code="i">04-49716</subfield>
      <subfield code="g">300</subfield>
      <subfield code="o">R617-089 G841a</subfield>
      <subfield code="e">Don. Lombardich, Miguel</subfield>
      <subfield code="8">CR</subfield>
    </datafield>
    <datafield tag="952" ind1=" " ind2=" ">
      <subfield code="a">BIB_RECT</subfield>
      <subfield code="b">BIB_UASJ</subfield>
      <subfield code="d">2018-06-06</subfield>
      <subfield code="y">BK</subfield>
      <subfield code="p">04-49717</subfield>
      <subfield code="i">04-49717</subfield>
      <subfield code="g">300</subfield>
      <subfield code="o">R617-089 G841a</subfield>
      <subfield code="e">Don. Lombardich, Miguel</subfield>
      <subfield code="8">CR</subfield>
    </datafield>
  </record>