
  <record>
    <leader>01000aam  22002601a 4500</leader>
    <controlfield tag="001">YPZ101456</controlfield>
    <controlfield tag="003">YPZ</controlfield>
    <controlfield tag="005">201806061136100</controlfield>
    <controlfield tag="008">180606|###########||||||b||||||||||spa|d</controlfield>
    <datafield tag="040" ind1=" " ind2=" ">
      <subfield code="c">SIUNPA</subfield>
    </datafield>
    <datafield tag="041" ind1=" " ind2=" ">
      <subfield code="a">fre</subfield>
    </datafield>
    <datafield tag="044" ind1=" " ind2=" ">
      <subfield code="a">FR</subfield>
    </datafield>
    <datafield tag="080" ind1=" " ind2=" ">
      <subfield code="a">R616.24 T487t</subfield>
    </datafield>
    <datafield tag="245" ind1=" " ind2=" ">
      <subfield code="a">Thorax</subfield>
      <subfield code="c"> / Laffont, A., Comité de dir. scientifique ; Albeaux-Fernet, M., Comité de dir. scientifique ; Azerad, E., Comité de dir. scientifique ; ...[et al.]</subfield>
    </datafield>
    <datafield tag="260" ind1=" " ind2=" ">
      <subfield code="a">Paris</subfield>
      <subfield code="b"> : Éditions Techniques</subfield>
      <subfield code="c"> , 1981</subfield>
    </datafield>
    <datafield tag="440" ind1=" " ind2=" ">
      <subfield code="a">Encyclopédie médico-chirurgicale. Techniques chirurgicale</subfield>
      <subfield code="v">1-2</subfield>
    </datafield>
    <datafield tag="490" ind1=" " ind2=" ">
      <subfield code="a">Encyclopédie médico-chirurgicale. Techniques chirurgicale</subfield>
      <subfield code="v">1-2</subfield>
    </datafield>
    <datafield tag="500" ind1=" " ind2=" ">
      <subfield code="a">La biblioteca posee t. 1 y 2</subfield>
    </datafield>
    <datafield tag="500" ind1=" " ind2=" ">
      <subfield code="a">En portada: éditée sur fascicules mobiles - constamment tenue á jour - foundée en 1929 par A. Laffont et F. Durieux</subfield>
    </datafield>
    <datafield tag="650" ind1=" " ind2=" ">
      <subfield code="a"> ENFERMEDADES PULMONARES</subfield>
    </datafield>
    <datafield tag="650" ind1=" " ind2=" ">
      <subfield code="a"> CIRUGIA</subfield>
    </datafield>
    <datafield tag="650" ind1=" " ind2=" ">
      <subfield code="a"> TORAX</subfield>
    </datafield>
    <datafield tag="942" ind1=" " ind2=" ">
      <subfield code="c">BK</subfield>
    </datafield>
    <datafield tag="952" ind1=" " ind2=" ">
      <subfield code="a">BIB_RECT</subfield>
      <subfield code="b">BIB_UASJ</subfield>
      <subfield code="d">2018-06-06</subfield>
      <subfield code="y">BK</subfield>
      <subfield code="p">04-49710</subfield>
      <subfield code="i">04-49710</subfield>
      <subfield code="g">400</subfield>
      <subfield code="o">R616.24 T487t</subfield>
      <subfield code="e">Don. Lombardich, Miguel</subfield>
      <subfield code="8">CR</subfield>
    </datafield>
    <datafield tag="952" ind1=" " ind2=" ">
      <subfield code="a">BIB_RECT</subfield>
      <subfield code="b">BIB_UASJ</subfield>
      <subfield code="d">2018-06-06</subfield>
      <subfield code="y">BK</subfield>
      <subfield code="p">04-49711</subfield>
      <subfield code="i">04-49711</subfield>
      <subfield code="g">400</subfield>
      <subfield code="o">R616.24 T487t</subfield>
      <subfield code="e">Don. Lombardich, Miguel</subfield>
      <subfield code="8">CR</subfield>
    </datafield>
  </record>