
  <record>
    <leader>01000aam  22002601a 4500</leader>
    <controlfield tag="001">YPZ101470</controlfield>
    <controlfield tag="003">YPZ</controlfield>
    <controlfield tag="005">201806121145450</controlfield>
    <controlfield tag="008">180612|###########||||||b||||||||||spa|d</controlfield>
    <datafield tag="020" ind1=" " ind2=" ">
      <subfield code="a">9509282103</subfield>
    </datafield>
    <datafield tag="040" ind1=" " ind2=" ">
      <subfield code="c">SIUNPA</subfield>
    </datafield>
    <datafield tag="041" ind1=" " ind2=" ">
      <subfield code="a">spa</subfield>
    </datafield>
    <datafield tag="044" ind1=" " ind2=" ">
      <subfield code="a">AR</subfield>
      <subfield code="a">FR</subfield>
    </datafield>
    <datafield tag="080" ind1=" " ind2=" ">
      <subfield code="a">7.037.5 B844m</subfield>
    </datafield>
    <datafield tag="100" ind1=" " ind2=" ">
      <subfield code="a">Breton, André.</subfield>
    </datafield>
    <datafield tag="245" ind1=" " ind2=" ">
      <subfield code="a">Manifiestos del surrealismo</subfield>
      <subfield code="c"> / Pellegrini, Aldo, tr., pról. y notas</subfield>
    </datafield>
    <datafield tag="260" ind1=" " ind2=" ">
      <subfield code="a">Buenos Aires</subfield>
      <subfield code="a">París</subfield>
      <subfield code="b"> : Argonauta</subfield>
      <subfield code="b"> : Alianza Francesa</subfield>
      <subfield code="c"> , 1992</subfield>
    </datafield>
    <datafield tag="650" ind1=" " ind2=" ">
      <subfield code="a"> SURREALISMO</subfield>
    </datafield>
    <datafield tag="942" ind1=" " ind2=" ">
      <subfield code="c">BK</subfield>
    </datafield>
    <datafield tag="952" ind1=" " ind2=" ">
      <subfield code="a">BIB_RECT</subfield>
      <subfield code="b">BIB_UARG</subfield>
      <subfield code="d">2018-06-04</subfield>
      <subfield code="y">BK</subfield>
      <subfield code="p">05-07258</subfield>
      <subfield code="i">05-07258</subfield>
      <subfield code="g">270</subfield>
      <subfield code="o">7.037.5 B844m</subfield>
      <subfield code="e">Acuer. 012/93</subfield>
      <subfield code="8">CG</subfield>
    </datafield>
  </record>