
  <record>
    <leader>01000aam  22002601a 4500</leader>
    <controlfield tag="001">YPZ101480</controlfield>
    <controlfield tag="003">YPZ</controlfield>
    <controlfield tag="005">201806131014200</controlfield>
    <controlfield tag="008">180613|###########||||||b||||||||||spa|d</controlfield>
    <datafield tag="040" ind1=" " ind2=" ">
      <subfield code="c">SIUNPA</subfield>
    </datafield>
    <datafield tag="041" ind1=" " ind2=" ">
      <subfield code="a">spa</subfield>
    </datafield>
    <datafield tag="044" ind1=" " ind2=" ">
      <subfield code="a">BR</subfield>
    </datafield>
    <datafield tag="080" ind1=" " ind2=" ">
      <subfield code="a">94(82) R788h</subfield>
    </datafield>
    <datafield tag="100" ind1=" " ind2=" ">
      <subfield code="a">Rosa, José María.</subfield>
    </datafield>
    <datafield tag="245" ind1=" " ind2=" ">
      <subfield code="a">Historia argentina</subfield>
    </datafield>
    <datafield tag="250" ind1=" " ind2=" ">
      <subfield code="a">1a ed.</subfield>
    </datafield>
    <datafield tag="260" ind1=" " ind2=" ">
      <subfield code="a">Río de Janeiro</subfield>
      <subfield code="b"> : J. Granda, edit.</subfield>
      <subfield code="c"> , 1969</subfield>
    </datafield>
    <datafield tag="500" ind1=" " ind2=" ">
      <subfield code="a">La biblioteca posee v. 1-8</subfield>
    </datafield>
    <datafield tag="650" ind1=" " ind2=" ">
      <subfield code="a"> HISTORIA ARGENTINA</subfield>
    </datafield>
    <datafield tag="942" ind1=" " ind2=" ">
      <subfield code="c">BK</subfield>
    </datafield>
    <datafield tag="952" ind1=" " ind2=" ">
      <subfield code="a">BIB_RECT</subfield>
      <subfield code="b">BIB_UARG</subfield>
      <subfield code="d">2018-06-13</subfield>
      <subfield code="y">BK</subfield>
      <subfield code="p">05-09013</subfield>
      <subfield code="i">05-09013</subfield>
      <subfield code="g">490</subfield>
      <subfield code="o">94(82) R788h</subfield>
      <subfield code="e">Pertierras, Carlos</subfield>
      <subfield code="8">CR</subfield>
    </datafield>
    <datafield tag="952" ind1=" " ind2=" ">
      <subfield code="a">BIB_RECT</subfield>
      <subfield code="b">BIB_UARG</subfield>
      <subfield code="d">2018-06-13</subfield>
      <subfield code="y">BK</subfield>
      <subfield code="p">05-09014</subfield>
      <subfield code="i">05-09014</subfield>
      <subfield code="g">590</subfield>
      <subfield code="o">94(82) R788h</subfield>
      <subfield code="e">Pertierras, Carlos</subfield>
      <subfield code="8">CR</subfield>
    </datafield>
    <datafield tag="952" ind1=" " ind2=" ">
      <subfield code="a">BIB_RECT</subfield>
      <subfield code="b">BIB_UARG</subfield>
      <subfield code="d">2018-06-13</subfield>
      <subfield code="y">BK</subfield>
      <subfield code="p">05-09015</subfield>
      <subfield code="i">05-09015</subfield>
      <subfield code="g">590</subfield>
      <subfield code="o">94(82) R788h</subfield>
      <subfield code="e">Pertierras, Carlos</subfield>
      <subfield code="8">CR</subfield>
    </datafield>
    <datafield tag="952" ind1=" " ind2=" ">
      <subfield code="a">BIB_RECT</subfield>
      <subfield code="b">BIB_UARG</subfield>
      <subfield code="d">2018-06-13</subfield>
      <subfield code="y">BK</subfield>
      <subfield code="p">05-09016</subfield>
      <subfield code="i">05-09016</subfield>
      <subfield code="g">590</subfield>
      <subfield code="o">94(82) R788h</subfield>
      <subfield code="e">Pertierras, Carlos</subfield>
      <subfield code="8">CR</subfield>
    </datafield>
    <datafield tag="952" ind1=" " ind2=" ">
      <subfield code="a">BIB_RECT</subfield>
      <subfield code="b">BIB_UARG</subfield>
      <subfield code="d">2018-06-13</subfield>
      <subfield code="y">BK</subfield>
      <subfield code="p">05-09017</subfield>
      <subfield code="i">05-09017</subfield>
      <subfield code="g">590</subfield>
      <subfield code="o">94(82) R788h</subfield>
      <subfield code="e">Pertierras, Carlos</subfield>
      <subfield code="8">CR</subfield>
    </datafield>
    <datafield tag="952" ind1=" " ind2=" ">
      <subfield code="a">BIB_RECT</subfield>
      <subfield code="b">BIB_UARG</subfield>
      <subfield code="d">2018-06-13</subfield>
      <subfield code="y">BK</subfield>
      <subfield code="p">05-09018</subfield>
      <subfield code="i">05-09018</subfield>
      <subfield code="g">590</subfield>
      <subfield code="o">94(82) R788h</subfield>
      <subfield code="e">Pertierras, Carlos</subfield>
      <subfield code="8">CR</subfield>
    </datafield>
    <datafield tag="952" ind1=" " ind2=" ">
      <subfield code="a">BIB_RECT</subfield>
      <subfield code="b">BIB_UARG</subfield>
      <subfield code="d">2018-06-13</subfield>
      <subfield code="y">BK</subfield>
      <subfield code="p">05-09019</subfield>
      <subfield code="i">05-09019</subfield>
      <subfield code="g">590</subfield>
      <subfield code="o">94(82) R788h</subfield>
      <subfield code="e">Pertierras, Carlos</subfield>
      <subfield code="8">CR</subfield>
    </datafield>
    <datafield tag="952" ind1=" " ind2=" ">
      <subfield code="a">BIB_RECT</subfield>
      <subfield code="b">BIB_UARG</subfield>
      <subfield code="d">2018-06-13</subfield>
      <subfield code="y">BK</subfield>
      <subfield code="p">05-09020</subfield>
      <subfield code="i">05-09020</subfield>
      <subfield code="g">590</subfield>
      <subfield code="o">94(82) R788h</subfield>
      <subfield code="e">Pertierras, Carlos</subfield>
      <subfield code="8">CR</subfield>
    </datafield>
  </record>