
  <record>
    <leader>01000aam  22002601a 4500</leader>
    <controlfield tag="001">YPZ101493</controlfield>
    <controlfield tag="003">YPZ</controlfield>
    <controlfield tag="005">201806181020340</controlfield>
    <controlfield tag="008">180618|###########||||||b||||||||||spa|d</controlfield>
    <datafield tag="020" ind1=" " ind2=" ">
      <subfield code="a">9789211219678</subfield>
    </datafield>
    <datafield tag="040" ind1=" " ind2=" ">
      <subfield code="c">SIUNPA</subfield>
    </datafield>
    <datafield tag="041" ind1=" " ind2=" ">
      <subfield code="a">spa</subfield>
    </datafield>
    <datafield tag="044" ind1=" " ind2=" ">
      <subfield code="a">CL</subfield>
    </datafield>
    <datafield tag="080" ind1=" " ind2=" ">
      <subfield code="a">338.45 M294m</subfield>
    </datafield>
    <datafield tag="245" ind1=" " ind2=" ">
      <subfield code="a">Manufactura y cambio estructural</subfield>
      <subfield code="b"> : aportes para pensar la política industrial en la Argentina</subfield>
      <subfield code="c"> / Abeles, Martín, ed. ; Cimoli, Mario, ed. ; Lavarello, Pablo, ed.</subfield>
    </datafield>
    <datafield tag="260" ind1=" " ind2=" ">
      <subfield code="a">Santiago de Chile</subfield>
      <subfield code="b"> : CEPAL</subfield>
      <subfield code="c"> , 2017</subfield>
    </datafield>
    <datafield tag="440" ind1=" " ind2=" ">
      <subfield code="a">Libros de la CEPAL</subfield>
      <subfield code="v">149</subfield>
    </datafield>
    <datafield tag="490" ind1=" " ind2=" ">
      <subfield code="a">Libros de la CEPAL</subfield>
      <subfield code="v">149</subfield>
    </datafield>
    <datafield tag="650" ind1=" " ind2=" ">
      <subfield code="a"> INDUSTRIA  ARGENTINA</subfield>
    </datafield>
    <datafield tag="650" ind1=" " ind2=" ">
      <subfield code="a"> DESARROLLO INDUSTRIAL</subfield>
    </datafield>
    <datafield tag="942" ind1=" " ind2=" ">
      <subfield code="c">BK</subfield>
    </datafield>
    <datafield tag="952" ind1=" " ind2=" ">
      <subfield code="a">BIB_RECT</subfield>
      <subfield code="b">BIB_UARG</subfield>
      <subfield code="d">2018-06-18</subfield>
      <subfield code="y">BK</subfield>
      <subfield code="p">05-49721</subfield>
      <subfield code="i">05-49721</subfield>
      <subfield code="g">380</subfield>
      <subfield code="o">338.45 M294m</subfield>
      <subfield code="e">CEPAL</subfield>
      <subfield code="8">CG</subfield>
    </datafield>
  </record>