
  <record>
    <leader>01000aam  22002601a 4500</leader>
    <controlfield tag="001">YPZ101501</controlfield>
    <controlfield tag="003">YPZ</controlfield>
    <controlfield tag="005">201806190939580</controlfield>
    <controlfield tag="008">180619|###########||||||b||||||||||spa|d</controlfield>
    <datafield tag="020" ind1=" " ind2=" ">
      <subfield code="a">9789871767267</subfield>
    </datafield>
    <datafield tag="040" ind1=" " ind2=" ">
      <subfield code="c">SIUNPA</subfield>
    </datafield>
    <datafield tag="041" ind1=" " ind2=" ">
      <subfield code="a">spa</subfield>
      <subfield code="a">eng</subfield>
    </datafield>
    <datafield tag="044" ind1=" " ind2=" ">
      <subfield code="a">AR</subfield>
    </datafield>
    <datafield tag="080" ind1=" " ind2=" ">
      <subfield code="a">551.46(82)  C733m</subfield>
    </datafield>
    <datafield tag="110" ind1=" " ind2=" ">
      <subfield code="a">Comisión Nacional del Límite Exterior de la Plataforma Continental, COPLA (Argentina).</subfield>
    </datafield>
    <datafield tag="245" ind1=" " ind2=" ">
      <subfield code="a">El margen continental argentino</subfield>
      <subfield code="b"> : entre los 35º y 55º de latitud sur en el contexto del artículo 76 de la convención de las naciones unidas sobre el derecho del mar</subfield>
      <subfield code="c"> / Berbeglia, Yanina, coord. ; Paterlini, Carlos Marcelo, coord. ; Van Dam,Etienne, tr. ; Uviedo, Mariana, tr. ; Uviedo, Guadalupe, tr.</subfield>
    </datafield>
    <datafield tag="246" ind1=" " ind2=" ">
      <subfield code="a">The Argentine continental margin.</subfield>
    </datafield>
    <datafield tag="260" ind1=" " ind2=" ">
      <subfield code="a">Buenos Aires</subfield>
      <subfield code="b"> : COPLA</subfield>
      <subfield code="c"> , 2017</subfield>
    </datafield>
    <datafield tag="500" ind1=" " ind2=" ">
      <subfield code="a">otro subtít.: between 35º and 55º south latitude in the context of article 76 of the united nations convention on the law of the sea</subfield>
    </datafield>
    <datafield tag="650" ind1=" " ind2=" ">
      <subfield code="a"> GEOLOGIA MARINA</subfield>
    </datafield>
    <datafield tag="650" ind1=" " ind2=" ">
      <subfield code="a"> PLATAFORMA</subfield>
    </datafield>
    <datafield tag="650" ind1=" " ind2=" ">
      <subfield code="a"> OCEONOGRAFIA</subfield>
    </datafield>
    <datafield tag="650" ind1=" " ind2=" ">
      <subfield code="a"> ARGENTINA</subfield>
    </datafield>
    <datafield tag="650" ind1=" " ind2=" ">
      <subfield code="a"> GEOFISICA</subfield>
    </datafield>
    <datafield tag="942" ind1=" " ind2=" ">
      <subfield code="c">BK</subfield>
    </datafield>
    <datafield tag="952" ind1=" " ind2=" ">
      <subfield code="a">BIB_RECT</subfield>
      <subfield code="b">BIB_UARG</subfield>
      <subfield code="d">2018-06-19</subfield>
      <subfield code="y">BK</subfield>
      <subfield code="p">05-49725</subfield>
      <subfield code="i">05-49725</subfield>
      <subfield code="g">450</subfield>
      <subfield code="o">551.46(82)  C733m</subfield>
      <subfield code="e">MREyC</subfield>
      <subfield code="8">CG</subfield>
    </datafield>
  </record>