
  <record>
    <leader>01000aam  22002601a 4500</leader>
    <controlfield tag="001">YPZ101512</controlfield>
    <controlfield tag="003">YPZ</controlfield>
    <controlfield tag="005">201806220842370</controlfield>
    <controlfield tag="008">180622|###########||||||b||||||||||spa|d</controlfield>
    <datafield tag="040" ind1=" " ind2=" ">
      <subfield code="c">SIUNPA</subfield>
    </datafield>
    <datafield tag="041" ind1=" " ind2=" ">
      <subfield code="a">spa</subfield>
    </datafield>
    <datafield tag="044" ind1=" " ind2=" ">
      <subfield code="a">US</subfield>
    </datafield>
    <datafield tag="080" ind1=" " ind2=" ">
      <subfield code="a">512 G338e</subfield>
    </datafield>
    <datafield tag="100" ind1=" " ind2=" ">
      <subfield code="a">Gentile, Enzo R..</subfield>
    </datafield>
    <datafield tag="245" ind1=" " ind2=" ">
      <subfield code="a">Estructuras algebraicas, II</subfield>
      <subfield code="b"> : (álgebra lineal)</subfield>
    </datafield>
    <datafield tag="260" ind1=" " ind2=" ">
      <subfield code="a">Washington, D.C.</subfield>
      <subfield code="b"> : OEA, Organización de los Estados Americanos</subfield>
      <subfield code="c"> , 1971</subfield>
    </datafield>
    <datafield tag="440" ind1=" " ind2=" ">
      <subfield code="a">Serie de Matemática. Monografía</subfield>
      <subfield code="v">no. 12</subfield>
    </datafield>
    <datafield tag="490" ind1=" " ind2=" ">
      <subfield code="a">Serie de Matemática. Monografía</subfield>
      <subfield code="v">no. 12</subfield>
    </datafield>
    <datafield tag="500" ind1=" " ind2=" ">
      <subfield code="a">El ejemplar de la biblioteca tiene la firma y nota del autor 05-05104</subfield>
    </datafield>
    <datafield tag="650" ind1=" " ind2=" ">
      <subfield code="a"> ALGEBRA</subfield>
    </datafield>
    <datafield tag="942" ind1=" " ind2=" ">
      <subfield code="c">BK</subfield>
    </datafield>
    <datafield tag="952" ind1=" " ind2=" ">
      <subfield code="a">BIB_RECT</subfield>
      <subfield code="b">BIB_UARG</subfield>
      <subfield code="d">2018-06-22</subfield>
      <subfield code="y">BK</subfield>
      <subfield code="p">05-05104</subfield>
      <subfield code="i">05-05104</subfield>
      <subfield code="g">290</subfield>
      <subfield code="o">512 G338e</subfield>
      <subfield code="e">Gentile, Enzo</subfield>
      <subfield code="8">CG</subfield>
    </datafield>
  </record>