
  <record>
    <leader>01000aam  22002601a 4500</leader>
    <controlfield tag="001">YPZ101521</controlfield>
    <controlfield tag="003">YPZ</controlfield>
    <controlfield tag="005">201806260916330</controlfield>
    <controlfield tag="008">180626|###########||||||b||||||||||spa|d</controlfield>
    <datafield tag="040" ind1=" " ind2=" ">
      <subfield code="c">SIUNPA</subfield>
    </datafield>
    <datafield tag="041" ind1=" " ind2=" ">
      <subfield code="a">spa</subfield>
    </datafield>
    <datafield tag="044" ind1=" " ind2=" ">
      <subfield code="a">AR</subfield>
    </datafield>
    <datafield tag="080" ind1=" " ind2=" ">
      <subfield code="a">159.923 S322s</subfield>
    </datafield>
    <datafield tag="100" ind1=" " ind2=" ">
      <subfield code="a">Scheler, Max.</subfield>
    </datafield>
    <datafield tag="245" ind1=" " ind2=" ">
      <subfield code="a">El santo, el genio, el héroe</subfield>
      <subfield code="c"> / Tabernig, Elsa, tr.</subfield>
    </datafield>
    <datafield tag="260" ind1=" " ind2=" ">
      <subfield code="a">Buenos Aires</subfield>
      <subfield code="b"> : Nova</subfield>
      <subfield code="c"> , 1961</subfield>
    </datafield>
    <datafield tag="650" ind1=" " ind2=" ">
      <subfield code="a"> PSICOLOGIA DE LA PERSONALIDAD</subfield>
    </datafield>
    <datafield tag="650" ind1=" " ind2=" ">
      <subfield code="a"> VALORES (ETICA)</subfield>
    </datafield>
    <datafield tag="942" ind1=" " ind2=" ">
      <subfield code="c">BK</subfield>
    </datafield>
    <datafield tag="952" ind1=" " ind2=" ">
      <subfield code="a">BIB_RECT</subfield>
      <subfield code="b">BIB_UARG</subfield>
      <subfield code="d">2018-06-26</subfield>
      <subfield code="y">BK</subfield>
      <subfield code="p">05-02518</subfield>
      <subfield code="i">05-02518</subfield>
      <subfield code="g">190</subfield>
      <subfield code="o">159.923 S322s</subfield>
      <subfield code="e">Don.</subfield>
      <subfield code="8">CG</subfield>
    </datafield>
    <datafield tag="952" ind1=" " ind2=" ">
      <subfield code="a">BIB_RECT</subfield>
      <subfield code="b">BIB_UARG</subfield>
      <subfield code="d">2018-06-26</subfield>
      <subfield code="y">BK</subfield>
      <subfield code="p">05-04721</subfield>
      <subfield code="i">05-04721</subfield>
      <subfield code="g">190</subfield>
      <subfield code="o">159.923 S322s</subfield>
      <subfield code="e">Don.</subfield>
      <subfield code="8">CG</subfield>
    </datafield>
    <datafield tag="952" ind1=" " ind2=" ">
      <subfield code="a">BIB_RECT</subfield>
      <subfield code="b">BIB_UARG</subfield>
      <subfield code="d">2018-06-26</subfield>
      <subfield code="y">BK</subfield>
      <subfield code="p">05-04722</subfield>
      <subfield code="i">05-04722</subfield>
      <subfield code="g">190</subfield>
      <subfield code="o">159.923 S322s</subfield>
      <subfield code="e">Don.</subfield>
      <subfield code="8">CG</subfield>
    </datafield>
  </record>