
  <record>
    <leader>01000aam  22002601a 4500</leader>
    <controlfield tag="001">YPZ101532</controlfield>
    <controlfield tag="003">YPZ</controlfield>
    <controlfield tag="005">201806280847300</controlfield>
    <controlfield tag="008">180628|###########||||||b||||||||||spa|d</controlfield>
    <datafield tag="040" ind1=" " ind2=" ">
      <subfield code="c">SIUNPA</subfield>
    </datafield>
    <datafield tag="041" ind1=" " ind2=" ">
      <subfield code="a">spa</subfield>
    </datafield>
    <datafield tag="044" ind1=" " ind2=" ">
      <subfield code="a">AR</subfield>
    </datafield>
    <datafield tag="080" ind1=" " ind2=" ">
      <subfield code="a">910.4 L467c</subfield>
    </datafield>
    <datafield tag="100" ind1=" " ind2=" ">
      <subfield code="a">Le Corbusier, seud..</subfield>
    </datafield>
    <datafield tag="700" ind1=" " ind2=" ">
      <subfield code="a">Charles-Édouard Jeanneret-Gris.</subfield>
    </datafield>
    <datafield tag="245" ind1=" " ind2=" ">
      <subfield code="a">Cuando las catedrales eran blancas</subfield>
      <subfield code="b"> : viaje al país de los tímidos</subfield>
      <subfield code="c"> / Payró, Julio E., tr.</subfield>
    </datafield>
    <datafield tag="260" ind1=" " ind2=" ">
      <subfield code="a">Buenos Aires</subfield>
      <subfield code="b"> : Poseidon</subfield>
      <subfield code="c"> , 1948</subfield>
    </datafield>
    <datafield tag="650" ind1=" " ind2=" ">
      <subfield code="a"> VIAJE</subfield>
    </datafield>
    <datafield tag="650" ind1=" " ind2=" ">
      <subfield code="a"> DESCRIPCION (ESTADOS UNIDOS)</subfield>
    </datafield>
    <datafield tag="650" ind1=" " ind2=" ">
      <subfield code="a"> ARQUITECTURA</subfield>
    </datafield>
    <datafield tag="942" ind1=" " ind2=" ">
      <subfield code="c">BK</subfield>
    </datafield>
    <datafield tag="952" ind1=" " ind2=" ">
      <subfield code="a">BIB_RECT</subfield>
      <subfield code="b">BIB_UARG</subfield>
      <subfield code="d">2018-06-28</subfield>
      <subfield code="y">BK</subfield>
      <subfield code="p">05-02568</subfield>
      <subfield code="i">05-02568</subfield>
      <subfield code="g">380</subfield>
      <subfield code="o">910.4 L467c</subfield>
      <subfield code="e">Don.</subfield>
      <subfield code="8">CG</subfield>
    </datafield>
  </record>