
  <record>
    <leader>01000aam  22002601a 4500</leader>
    <controlfield tag="001">YPZ101538</controlfield>
    <controlfield tag="003">YPZ</controlfield>
    <controlfield tag="005">201806280933420</controlfield>
    <controlfield tag="008">180628|###########||||||b||||||||||spa|d</controlfield>
    <datafield tag="020" ind1=" " ind2=" ">
      <subfield code="a">9684229917</subfield>
    </datafield>
    <datafield tag="040" ind1=" " ind2=" ">
      <subfield code="c">SIUNPA</subfield>
    </datafield>
    <datafield tag="041" ind1=" " ind2=" ">
      <subfield code="a">spa</subfield>
    </datafield>
    <datafield tag="044" ind1=" " ind2=" ">
      <subfield code="a">MX</subfield>
    </datafield>
    <datafield tag="080" ind1=" " ind2=" ">
      <subfield code="a">004.414.2 S478a2</subfield>
    </datafield>
    <datafield tag="100" ind1=" " ind2=" ">
      <subfield code="a">Senn, James A..</subfield>
    </datafield>
    <datafield tag="245" ind1=" " ind2=" ">
      <subfield code="a">Análisis y diseño de sistemas de información</subfield>
      <subfield code="b"> : segunda edición</subfield>
      <subfield code="c"> / Urbina Medal, Edmundo G., tr. ; Palmas Velasco, Oscar A., tr. ; Mendoza Anzures, Verónica, rev. técnica ; Fiorentini Cañedo, Consuelo N., rev. técnica ; Sánchez Corona, Octavio, , rev. técnica</subfield>
    </datafield>
    <datafield tag="250" ind1=" " ind2=" ">
      <subfield code="a">2a ed. en español</subfield>
    </datafield>
    <datafield tag="260" ind1=" " ind2=" ">
      <subfield code="a">Naucalpan de Juárez</subfield>
      <subfield code="b"> : McGraw-Hill Interamericana de México</subfield>
      <subfield code="c"> , 1997</subfield>
    </datafield>
    <datafield tag="650" ind1=" " ind2=" ">
      <subfield code="a"> DISEÑO DE SISTEMAS 	 ANALISIS DE SISTEMAS</subfield>
    </datafield>
    <datafield tag="650" ind1=" " ind2=" ">
      <subfield code="a"> SISTEMA DE INFORMACION</subfield>
    </datafield>
    <datafield tag="650" ind1=" " ind2=" ">
      <subfield code="a"> AUTOMATIZACION</subfield>
    </datafield>
    <datafield tag="942" ind1=" " ind2=" ">
      <subfield code="c">BK</subfield>
    </datafield>
    <datafield tag="952" ind1=" " ind2=" ">
      <subfield code="a">BIB_RECT</subfield>
      <subfield code="b">BIB_UACO</subfield>
      <subfield code="d">2018-06-28</subfield>
      <subfield code="y">BK</subfield>
      <subfield code="p">02-04689</subfield>
      <subfield code="i">02-04689</subfield>
      <subfield code="g">600</subfield>
      <subfield code="o">004.414.2 S478a2</subfield>
      <subfield code="e">FOMEC/97</subfield>
      <subfield code="8">CG</subfield>
    </datafield>
    <datafield tag="952" ind1=" " ind2=" ">
      <subfield code="a">BIB_RECT</subfield>
      <subfield code="b">BIB_UACO</subfield>
      <subfield code="d">2018-06-28</subfield>
      <subfield code="y">BK</subfield>
      <subfield code="p">02-04722</subfield>
      <subfield code="i">02-04722</subfield>
      <subfield code="g">600</subfield>
      <subfield code="o">004.414.2 S478a2</subfield>
      <subfield code="e">FOMEC/97</subfield>
      <subfield code="8">CG</subfield>
    </datafield>
    <datafield tag="952" ind1=" " ind2=" ">
      <subfield code="a">BIB_RECT</subfield>
      <subfield code="b">BIB_UACO</subfield>
      <subfield code="d">2018-06-28</subfield>
      <subfield code="y">BK</subfield>
      <subfield code="p">02-04723</subfield>
      <subfield code="i">02-04723</subfield>
      <subfield code="g">600</subfield>
      <subfield code="o">004.414.2 S478a2</subfield>
      <subfield code="e">FOMEC/97</subfield>
      <subfield code="8">CG</subfield>
    </datafield>
    <datafield tag="952" ind1=" " ind2=" ">
      <subfield code="a">BIB_RECT</subfield>
      <subfield code="b">BIB_UACO</subfield>
      <subfield code="d">2018-06-28</subfield>
      <subfield code="y">BK</subfield>
      <subfield code="p">02-04724</subfield>
      <subfield code="i">02-04724</subfield>
      <subfield code="g">600</subfield>
      <subfield code="o">004.414.2 S478a2</subfield>
      <subfield code="e">FOMEC/97</subfield>
      <subfield code="8">CG</subfield>
    </datafield>
    <datafield tag="952" ind1=" " ind2=" ">
      <subfield code="a">BIB_RECT</subfield>
      <subfield code="b">BIB_UACO</subfield>
      <subfield code="d">2018-06-28</subfield>
      <subfield code="y">BK</subfield>
      <subfield code="p">02-04725</subfield>
      <subfield code="i">02-04725</subfield>
      <subfield code="g">600</subfield>
      <subfield code="o">004.414.2 S478a2</subfield>
      <subfield code="e">FOMEC/97</subfield>
      <subfield code="8">CG</subfield>
    </datafield>
  </record>