
  <record>
    <leader>01000aam  22002601a 4500</leader>
    <controlfield tag="001">YPZ101546</controlfield>
    <controlfield tag="003">YPZ</controlfield>
    <controlfield tag="005">201806290924100</controlfield>
    <controlfield tag="008">180629|###########||||||b||||||||||spa|d</controlfield>
    <datafield tag="020" ind1=" " ind2=" ">
      <subfield code="a">007023034X</subfield>
    </datafield>
    <datafield tag="040" ind1=" " ind2=" ">
      <subfield code="c">SIUNPA</subfield>
    </datafield>
    <datafield tag="041" ind1=" " ind2=" ">
      <subfield code="a">eng</subfield>
    </datafield>
    <datafield tag="044" ind1=" " ind2=" ">
      <subfield code="a">US</subfield>
    </datafield>
    <datafield tag="080" ind1=" " ind2=" ">
      <subfield code="a">004.7 G312n</subfield>
    </datafield>
    <datafield tag="100" ind1=" " ind2=" ">
      <subfield code="a">Geier, James T..</subfield>
    </datafield>
    <datafield tag="245" ind1=" " ind2=" ">
      <subfield code="a">Network reengineering</subfield>
      <subfield code="b"> : the new technical imperative</subfield>
    </datafield>
    <datafield tag="260" ind1=" " ind2=" ">
      <subfield code="a">New York, N.Y.</subfield>
      <subfield code="b"> : McGraw-Hill</subfield>
      <subfield code="c"> , 1996</subfield>
    </datafield>
    <datafield tag="650" ind1=" " ind2=" ">
      <subfield code="a"> REDES INFORMATICAS</subfield>
    </datafield>
    <datafield tag="650" ind1=" " ind2=" ">
      <subfield code="a"> INFORMATICA</subfield>
    </datafield>
    <datafield tag="942" ind1=" " ind2=" ">
      <subfield code="c">BK</subfield>
    </datafield>
    <datafield tag="952" ind1=" " ind2=" ">
      <subfield code="a">BIB_RECT</subfield>
      <subfield code="b">BIB_UACO</subfield>
      <subfield code="d">2018-06-26</subfield>
      <subfield code="y">BK</subfield>
      <subfield code="p">02-06061</subfield>
      <subfield code="i">02-06061</subfield>
      <subfield code="g">590</subfield>
      <subfield code="o">004.7 G312n</subfield>
      <subfield code="e">FOMEC 585</subfield>
      <subfield code="8">CG</subfield>
    </datafield>
    <datafield tag="952" ind1=" " ind2=" ">
      <subfield code="a">BIB_RECT</subfield>
      <subfield code="b">BIB_UACO</subfield>
      <subfield code="d">2018-06-26</subfield>
      <subfield code="y">BK</subfield>
      <subfield code="p">02-06062</subfield>
      <subfield code="i">02-06062</subfield>
      <subfield code="g">590</subfield>
      <subfield code="o">004.7 G312n</subfield>
      <subfield code="e">FOMEC 585</subfield>
      <subfield code="8">CG</subfield>
    </datafield>
    <datafield tag="952" ind1=" " ind2=" ">
      <subfield code="a">BIB_RECT</subfield>
      <subfield code="b">BIB_UACO</subfield>
      <subfield code="d">2018-06-26</subfield>
      <subfield code="y">BK</subfield>
      <subfield code="p">02-06063</subfield>
      <subfield code="i">02-06063</subfield>
      <subfield code="g">590</subfield>
      <subfield code="o">004.7 G312n</subfield>
      <subfield code="e">FOMEC 585</subfield>
      <subfield code="8">CG</subfield>
    </datafield>
    <datafield tag="952" ind1=" " ind2=" ">
      <subfield code="a">BIB_RECT</subfield>
      <subfield code="b">BIB_UACO</subfield>
      <subfield code="d">2018-06-26</subfield>
      <subfield code="y">BK</subfield>
      <subfield code="p">02-06064</subfield>
      <subfield code="i">02-06064</subfield>
      <subfield code="g">590</subfield>
      <subfield code="o">004.7 G312n</subfield>
      <subfield code="e">FOMEC 585</subfield>
      <subfield code="8">CG</subfield>
    </datafield>
    <datafield tag="952" ind1=" " ind2=" ">
      <subfield code="a">BIB_RECT</subfield>
      <subfield code="b">SAT_TRUN</subfield>
      <subfield code="d">2018-06-26</subfield>
      <subfield code="y">BK</subfield>
      <subfield code="p">10-06065</subfield>
      <subfield code="i">10-06065</subfield>
      <subfield code="g">590</subfield>
      <subfield code="o">004.7 G312n</subfield>
      <subfield code="e">FOMEC 585</subfield>
      <subfield code="8">CG</subfield>
    </datafield>
  </record>