
  <record>
    <leader>01000aam  22002601a 4500</leader>
    <controlfield tag="001">YPZ101573</controlfield>
    <controlfield tag="003">YPZ</controlfield>
    <controlfield tag="005">201807050840090</controlfield>
    <controlfield tag="008">180705|###########||||||b||||||||||spa|d</controlfield>
    <datafield tag="020" ind1=" " ind2=" ">
      <subfield code="a">9789875383456</subfield>
    </datafield>
    <datafield tag="040" ind1=" " ind2=" ">
      <subfield code="c">SIUNPA</subfield>
    </datafield>
    <datafield tag="041" ind1=" " ind2=" ">
      <subfield code="a">spa</subfield>
    </datafield>
    <datafield tag="044" ind1=" " ind2=" ">
      <subfield code="a">AR</subfield>
    </datafield>
    <datafield tag="080" ind1=" " ind2=" ">
      <subfield code="a">37.015.4 C822p</subfield>
    </datafield>
    <datafield tag="100" ind1=" " ind2=" ">
      <subfield code="a">Coronado, Mónica.</subfield>
    </datafield>
    <datafield tag="245" ind1=" " ind2=" ">
      <subfield code="a">Padres en fuga. Escuelas huérfanas</subfield>
      <subfield code="b"> : la conflictiva relación de las escuelas con las familias</subfield>
    </datafield>
    <datafield tag="250" ind1=" " ind2=" ">
      <subfield code="a">1a ed.</subfield>
    </datafield>
    <datafield tag="260" ind1=" " ind2=" ">
      <subfield code="a">Buenos Aires</subfield>
      <subfield code="b"> : Noveduc</subfield>
      <subfield code="c"> , 2012</subfield>
    </datafield>
    <datafield tag="440" ind1=" " ind2=" ">
      <subfield code="a">Biblioteca del maestro</subfield>
      <subfield code="a">Biblioteca del maestro</subfield>
      <subfield code="a">Phoenix books</subfield>
      <subfield code="a">Computing McGraw-Hill</subfield>
      <subfield code="a">Wiley technical communication library</subfield>
      <subfield code="a">International Computer Science Series</subfield>
      <subfield code="a">Familias/s</subfield>
      <subfield code="v">5</subfield>
    </datafield>
    <datafield tag="490" ind1=" " ind2=" ">
      <subfield code="a">Biblioteca del maestro</subfield>
      <subfield code="a">Biblioteca del maestro</subfield>
      <subfield code="a">Phoenix books</subfield>
      <subfield code="a">Computing McGraw-Hill</subfield>
      <subfield code="a">Wiley technical communication library</subfield>
      <subfield code="a">International Computer Science Series</subfield>
      <subfield code="a">Familias/s</subfield>
      <subfield code="v">5</subfield>
    </datafield>
    <datafield tag="650" ind1=" " ind2=" ">
      <subfield code="a"> SOCIOLOGIA DE LA EDUCACION</subfield>
    </datafield>
    <datafield tag="650" ind1=" " ind2=" ">
      <subfield code="a"> FAMILIA</subfield>
    </datafield>
    <datafield tag="650" ind1=" " ind2=" ">
      <subfield code="a"> RELACION FAMILIA</subfield>
    </datafield>
    <datafield tag="650" ind1=" " ind2=" ">
      <subfield code="a">ESCUELA</subfield>
    </datafield>
    <datafield tag="650" ind1=" " ind2=" ">
      <subfield code="a"> ESCUELAS</subfield>
    </datafield>
    <datafield tag="942" ind1=" " ind2=" ">
      <subfield code="c">BK</subfield>
    </datafield>
    <datafield tag="952" ind1=" " ind2=" ">
      <subfield code="a">BIB_RECT</subfield>
      <subfield code="b">BIB_UARG</subfield>
      <subfield code="d">2018-07-05</subfield>
      <subfield code="y">BK</subfield>
      <subfield code="p">05-49752</subfield>
      <subfield code="i">05-49752</subfield>
      <subfield code="g">280</subfield>
      <subfield code="o">37.015.4 C822p</subfield>
      <subfield code="e">PI 29/A283-1</subfield>
      <subfield code="8">CG</subfield>
    </datafield>
  </record>