
  <record>
    <leader>01000aam  22002601a 4500</leader>
    <controlfield tag="001">YPZ101574</controlfield>
    <controlfield tag="003">YPZ</controlfield>
    <controlfield tag="005">201807050847280</controlfield>
    <controlfield tag="008">180705|###########||||||b||||||||||spa|d</controlfield>
    <datafield tag="020" ind1=" " ind2=" ">
      <subfield code="a">9789506983826</subfield>
    </datafield>
    <datafield tag="040" ind1=" " ind2=" ">
      <subfield code="c">SIUNPA</subfield>
    </datafield>
    <datafield tag="041" ind1=" " ind2=" ">
      <subfield code="a">spa</subfield>
    </datafield>
    <datafield tag="044" ind1=" " ind2=" ">
      <subfield code="a">AR</subfield>
    </datafield>
    <datafield tag="080" ind1=" " ind2=" ">
      <subfield code="a">65.01 D743a</subfield>
    </datafield>
    <datafield tag="100" ind1=" " ind2=" ">
      <subfield code="a">Dover, Inés María.</subfield>
    </datafield>
    <datafield tag="245" ind1=" " ind2=" ">
      <subfield code="a">Administración en contexto</subfield>
      <subfield code="c"> / Cantallops, María Eugenia, colab. ; Mangia, Raúl Alberto, colab. ; Teze, Julio César, colab.</subfield>
    </datafield>
    <datafield tag="260" ind1=" " ind2=" ">
      <subfield code="a">Entre Ríos</subfield>
      <subfield code="b"> : EDUNER, Editorial de la Universidad Nacional de Entre Ríos</subfield>
      <subfield code="c"> , 2016</subfield>
    </datafield>
    <datafield tag="650" ind1=" " ind2=" ">
      <subfield code="a"> ADMINISTRACION DE EMPRESAS  CONTROL DE LA ADMINISTRACION</subfield>
    </datafield>
    <datafield tag="650" ind1=" " ind2=" ">
      <subfield code="a"> ORGANIZACION DE LA EMPRESA </subfield>
    </datafield>
    <datafield tag="650" ind1=" " ind2=" ">
      <subfield code="a"> TOMA DE DECISIONES</subfield>
    </datafield>
    <datafield tag="650" ind1=" " ind2=" ">
      <subfield code="a"> DIRECCION DE EMPRESAS</subfield>
    </datafield>
    <datafield tag="650" ind1=" " ind2=" ">
      <subfield code="a"> PLANIFICACION ESTRATEGICA</subfield>
    </datafield>
    <datafield tag="942" ind1=" " ind2=" ">
      <subfield code="c">BK</subfield>
    </datafield>
    <datafield tag="952" ind1=" " ind2=" ">
      <subfield code="a">BIB_RECT</subfield>
      <subfield code="b">BIB_UARG</subfield>
      <subfield code="d">2018-07-04</subfield>
      <subfield code="y">BK</subfield>
      <subfield code="p">05-49754</subfield>
      <subfield code="i">05-49754</subfield>
      <subfield code="g">220</subfield>
      <subfield code="o">65.01 D743a</subfield>
      <subfield code="e">Compra SB-UE/18</subfield>
      <subfield code="8">CG</subfield>
    </datafield>
    <datafield tag="952" ind1=" " ind2=" ">
      <subfield code="a">BIB_RECT</subfield>
      <subfield code="b">BIB_UARG</subfield>
      <subfield code="d">2018-07-04</subfield>
      <subfield code="y">BK</subfield>
      <subfield code="p">05-49755</subfield>
      <subfield code="i">05-49755</subfield>
      <subfield code="g">220</subfield>
      <subfield code="o">65.01 D743a</subfield>
      <subfield code="e">Compra SB-UE/18</subfield>
      <subfield code="8">CG</subfield>
    </datafield>
    <datafield tag="952" ind1=" " ind2=" ">
      <subfield code="a">BIB_RECT</subfield>
      <subfield code="b">BIB_UARG</subfield>
      <subfield code="d">2018-07-04</subfield>
      <subfield code="y">BK</subfield>
      <subfield code="p">05-49756</subfield>
      <subfield code="i">05-49756</subfield>
      <subfield code="g">220</subfield>
      <subfield code="o">65.01 D743a</subfield>
      <subfield code="e">Compra SB-UE/18</subfield>
      <subfield code="8">CG</subfield>
    </datafield>
    <datafield tag="952" ind1=" " ind2=" ">
      <subfield code="a">BIB_RECT</subfield>
      <subfield code="b">BIB_UARG</subfield>
      <subfield code="d">2018-07-04</subfield>
      <subfield code="y">BK</subfield>
      <subfield code="p">05-49757</subfield>
      <subfield code="i">05-49757</subfield>
      <subfield code="g">220</subfield>
      <subfield code="o">65.01 D743a</subfield>
      <subfield code="e">Compra SB-UE/18</subfield>
      <subfield code="8">CG</subfield>
    </datafield>
  </record>