
  <record>
    <leader>01000aam  22002601a 4500</leader>
    <controlfield tag="001">YPZ101606</controlfield>
    <controlfield tag="003">YPZ</controlfield>
    <controlfield tag="005">201808030831190</controlfield>
    <controlfield tag="008">180803|###########||||||b||||||||||spa|d</controlfield>
    <datafield tag="040" ind1=" " ind2=" ">
      <subfield code="c">SIUNPA</subfield>
    </datafield>
    <datafield tag="041" ind1=" " ind2=" ">
      <subfield code="a">spa</subfield>
    </datafield>
    <datafield tag="044" ind1=" " ind2=" ">
      <subfield code="a">AR</subfield>
    </datafield>
    <datafield tag="080" ind1=" " ind2=" ">
      <subfield code="a">378.4.014.3 P153u</subfield>
    </datafield>
    <datafield tag="100" ind1=" " ind2=" ">
      <subfield code="a">Palacios, Alfredo L..</subfield>
    </datafield>
    <datafield tag="245" ind1=" " ind2=" ">
      <subfield code="a">La universidad nueva</subfield>
      <subfield code="b"> : desde la reforma universitaria hasta 1957</subfield>
    </datafield>
    <datafield tag="260" ind1=" " ind2=" ">
      <subfield code="a">Buenos Aires</subfield>
      <subfield code="b"> : M. Gleizer, ed.</subfield>
      <subfield code="c"> , 1957</subfield>
    </datafield>
    <datafield tag="650" ind1=" " ind2=" ">
      <subfield code="a"> UNIVERSIDADES</subfield>
    </datafield>
    <datafield tag="650" ind1=" " ind2=" ">
      <subfield code="a"> REFORMA UNIVERSITARIA</subfield>
    </datafield>
    <datafield tag="650" ind1=" " ind2=" ">
      <subfield code="a"> ARGENTINA</subfield>
    </datafield>
    <datafield tag="942" ind1=" " ind2=" ">
      <subfield code="c">BK</subfield>
    </datafield>
    <datafield tag="952" ind1=" " ind2=" ">
      <subfield code="a">BIB_RECT</subfield>
      <subfield code="b">BIB_UARG</subfield>
      <subfield code="d">2018-07-31</subfield>
      <subfield code="y">BK</subfield>
      <subfield code="p">05-49791</subfield>
      <subfield code="i">05-49791</subfield>
      <subfield code="g">150</subfield>
      <subfield code="o">378.4.014.3 P153u</subfield>
      <subfield code="e">Wendell, Silvia</subfield>
      <subfield code="8">CG</subfield>
    </datafield>
  </record>