
  <record>
    <leader>01000aam  22002601a 4500</leader>
    <controlfield tag="001">YPZ101612</controlfield>
    <controlfield tag="003">YPZ</controlfield>
    <controlfield tag="005">201808060847450</controlfield>
    <controlfield tag="008">180806|###########||||||b||||||||||spa|d</controlfield>
    <datafield tag="020" ind1=" " ind2=" ">
      <subfield code="a">9789873714504</subfield>
    </datafield>
    <datafield tag="040" ind1=" " ind2=" ">
      <subfield code="c">SIUNPA</subfield>
    </datafield>
    <datafield tag="041" ind1=" " ind2=" ">
      <subfield code="a">spa</subfield>
    </datafield>
    <datafield tag="044" ind1=" " ind2=" ">
      <subfield code="a">AR</subfield>
    </datafield>
    <datafield tag="080" ind1=" " ind2=" ">
      <subfield code="a">378.4 S717e</subfield>
    </datafield>
    <datafield tag="100" ind1=" " ind2=" ">
      <subfield code="a">Sotelo, Lucrecia A..</subfield>
    </datafield>
    <datafield tag="245" ind1=" " ind2=" ">
      <subfield code="a">Estudiar en los confines</subfield>
      <subfield code="b"> : hacia una construcción de las representaciones sociales de la educación superior en el espacio social santacruceño</subfield>
    </datafield>
    <datafield tag="250" ind1=" " ind2=" ">
      <subfield code="a">1a ed.</subfield>
    </datafield>
    <datafield tag="260" ind1=" " ind2=" ">
      <subfield code="a">Buenos Aires</subfield>
      <subfield code="b"> : Universidad Nacional de la Patagonia Austral, UNPAedita</subfield>
      <subfield code="c"> , 2018</subfield>
    </datafield>
    <datafield tag="650" ind1=" " ind2=" ">
      <subfield code="a"> EDUCACION SUPERIOR</subfield>
    </datafield>
    <datafield tag="650" ind1=" " ind2=" ">
      <subfield code="a"> UNIVERSIDADES</subfield>
    </datafield>
    <datafield tag="650" ind1=" " ind2=" ">
      <subfield code="a"> SANTA CRUZ (ARGENTINA)</subfield>
    </datafield>
    <datafield tag="942" ind1=" " ind2=" ">
      <subfield code="c">BK</subfield>
    </datafield>
    <datafield tag="952" ind1=" " ind2=" ">
      <subfield code="a">BIB_RECT</subfield>
      <subfield code="b">BIB_UACO</subfield>
      <subfield code="d">2018-08-06</subfield>
      <subfield code="y">BK</subfield>
      <subfield code="p">02-49819</subfield>
      <subfield code="i">02-49819</subfield>
      <subfield code="g">330</subfield>
      <subfield code="o">378.4 S717e</subfield>
      <subfield code="e">Sec. Ext.</subfield>
      <subfield code="8">CG</subfield>
    </datafield>
    <datafield tag="952" ind1=" " ind2=" ">
      <subfield code="a">BIB_RECT</subfield>
      <subfield code="b">BIB_UACO</subfield>
      <subfield code="d">2018-08-06</subfield>
      <subfield code="y">BK</subfield>
      <subfield code="p">02-49820</subfield>
      <subfield code="i">02-49820</subfield>
      <subfield code="g">330</subfield>
      <subfield code="o">378.4 S717e</subfield>
      <subfield code="e">Sec. Ext.</subfield>
      <subfield code="8">CG</subfield>
    </datafield>
    <datafield tag="952" ind1=" " ind2=" ">
      <subfield code="a">BIB_RECT</subfield>
      <subfield code="b">BIB_UACO</subfield>
      <subfield code="d">2018-08-06</subfield>
      <subfield code="y">BK</subfield>
      <subfield code="p">02-49821</subfield>
      <subfield code="i">02-49821</subfield>
      <subfield code="g">330</subfield>
      <subfield code="o">378.4 S717e</subfield>
      <subfield code="e">Sec. Ext.</subfield>
      <subfield code="8">CG</subfield>
    </datafield>
    <datafield tag="952" ind1=" " ind2=" ">
      <subfield code="a">BIB_RECT</subfield>
      <subfield code="b">BIB_UACO</subfield>
      <subfield code="d">2018-08-06</subfield>
      <subfield code="y">BK</subfield>
      <subfield code="p">02-49822</subfield>
      <subfield code="i">02-49822</subfield>
      <subfield code="g">330</subfield>
      <subfield code="o">378.4 S717e</subfield>
      <subfield code="e">Sec. Ext.</subfield>
      <subfield code="8">CG</subfield>
    </datafield>
    <datafield tag="952" ind1=" " ind2=" ">
      <subfield code="a">BIB_RECT</subfield>
      <subfield code="b">BIB_UARG</subfield>
      <subfield code="d">2018-08-06</subfield>
      <subfield code="y">BK</subfield>
      <subfield code="p">03-49816</subfield>
      <subfield code="i">03-49816</subfield>
      <subfield code="g">330</subfield>
      <subfield code="o">378.4 S717e</subfield>
      <subfield code="e">Sec. Ext.</subfield>
      <subfield code="8">CG</subfield>
    </datafield>
    <datafield tag="952" ind1=" " ind2=" ">
      <subfield code="a">BIB_RECT</subfield>
      <subfield code="b">BIB_UART</subfield>
      <subfield code="d">2018-08-06</subfield>
      <subfield code="y">BK</subfield>
      <subfield code="p">03-49817</subfield>
      <subfield code="i">03-49817</subfield>
      <subfield code="g">330</subfield>
      <subfield code="o">378.4 S717e</subfield>
      <subfield code="e">Sec. Ext.</subfield>
      <subfield code="8">CG</subfield>
    </datafield>
    <datafield tag="952" ind1=" " ind2=" ">
      <subfield code="a">BIB_RECT</subfield>
      <subfield code="b">BIB_UART</subfield>
      <subfield code="d">2018-08-06</subfield>
      <subfield code="y">BK</subfield>
      <subfield code="p">03-49818</subfield>
      <subfield code="i">03-49818</subfield>
      <subfield code="g">330</subfield>
      <subfield code="o">378.4 S717e</subfield>
      <subfield code="e">Sec. Ext.</subfield>
      <subfield code="8">CG</subfield>
    </datafield>
    <datafield tag="952" ind1=" " ind2=" ">
      <subfield code="a">BIB_RECT</subfield>
      <subfield code="b">BIB_UASJ</subfield>
      <subfield code="d">2018-08-06</subfield>
      <subfield code="y">BK</subfield>
      <subfield code="p">04-49812</subfield>
      <subfield code="i">04-49812</subfield>
      <subfield code="g">330</subfield>
      <subfield code="o">378.4 S717e</subfield>
      <subfield code="e">Sec. Ext.</subfield>
      <subfield code="8">CG</subfield>
    </datafield>
    <datafield tag="952" ind1=" " ind2=" ">
      <subfield code="a">BIB_RECT</subfield>
      <subfield code="b">BIB_UASJ</subfield>
      <subfield code="d">2018-08-06</subfield>
      <subfield code="y">BK</subfield>
      <subfield code="p">04-49813</subfield>
      <subfield code="i">04-49813</subfield>
      <subfield code="g">330</subfield>
      <subfield code="o">378.4 S717e</subfield>
      <subfield code="e">Sec. Ext.</subfield>
      <subfield code="8">CG</subfield>
    </datafield>
    <datafield tag="952" ind1=" " ind2=" ">
      <subfield code="a">BIB_RECT</subfield>
      <subfield code="b">BIB_UASJ</subfield>
      <subfield code="d">2018-08-06</subfield>
      <subfield code="y">BK</subfield>
      <subfield code="p">04-49814</subfield>
      <subfield code="i">04-49814</subfield>
      <subfield code="g">330</subfield>
      <subfield code="o">378.4 S717e</subfield>
      <subfield code="e">Sec. Ext.</subfield>
      <subfield code="8">CG</subfield>
    </datafield>
    <datafield tag="952" ind1=" " ind2=" ">
      <subfield code="a">BIB_RECT</subfield>
      <subfield code="b">BIB_UASJ</subfield>
      <subfield code="d">2018-08-06</subfield>
      <subfield code="y">BK</subfield>
      <subfield code="p">04-49815</subfield>
      <subfield code="i">04-49815</subfield>
      <subfield code="g">330</subfield>
      <subfield code="o">378.4 S717e</subfield>
      <subfield code="e">Sec. Ext.</subfield>
      <subfield code="8">CG</subfield>
    </datafield>
    <datafield tag="952" ind1=" " ind2=" ">
      <subfield code="a">BIB_RECT</subfield>
      <subfield code="b">BIB_UARG</subfield>
      <subfield code="d">2018-08-06</subfield>
      <subfield code="y">BK</subfield>
      <subfield code="p">05-49808</subfield>
      <subfield code="i">05-49808</subfield>
      <subfield code="g">330</subfield>
      <subfield code="o">378.4 S717e</subfield>
      <subfield code="e">Sec. Ext.</subfield>
      <subfield code="8">CG</subfield>
    </datafield>
    <datafield tag="952" ind1=" " ind2=" ">
      <subfield code="a">BIB_RECT</subfield>
      <subfield code="b">BIB_UARG</subfield>
      <subfield code="d">2018-08-06</subfield>
      <subfield code="y">BK</subfield>
      <subfield code="p">05-49809</subfield>
      <subfield code="i">05-49809</subfield>
      <subfield code="g">330</subfield>
      <subfield code="o">378.4 S717e</subfield>
      <subfield code="e">Sec. Ext.</subfield>
      <subfield code="8">CG</subfield>
    </datafield>
    <datafield tag="952" ind1=" " ind2=" ">
      <subfield code="a">BIB_RECT</subfield>
      <subfield code="b">BIB_UARG</subfield>
      <subfield code="d">2018-08-06</subfield>
      <subfield code="y">BK</subfield>
      <subfield code="p">05-49810</subfield>
      <subfield code="i">05-49810</subfield>
      <subfield code="g">330</subfield>
      <subfield code="o">378.4 S717e</subfield>
      <subfield code="e">Sec. Ext.</subfield>
      <subfield code="8">CG</subfield>
    </datafield>
    <datafield tag="952" ind1=" " ind2=" ">
      <subfield code="a">BIB_RECT</subfield>
      <subfield code="b">BIB_UARG</subfield>
      <subfield code="d">2018-08-06</subfield>
      <subfield code="y">BK</subfield>
      <subfield code="p">05-49811</subfield>
      <subfield code="i">05-49811</subfield>
      <subfield code="g">330</subfield>
      <subfield code="o">378.4 S717e</subfield>
      <subfield code="e">Sec. Ext.</subfield>
      <subfield code="8">CG</subfield>
    </datafield>
    <datafield tag="952" ind1=" " ind2=" ">
      <subfield code="a">BIB_RECT</subfield>
      <subfield code="b">SAT_TRUN</subfield>
      <subfield code="d">2018-08-07</subfield>
      <subfield code="y">BK</subfield>
      <subfield code="p">10-49824</subfield>
      <subfield code="i">10-49824</subfield>
      <subfield code="g">330</subfield>
      <subfield code="o">378.4 S717e</subfield>
      <subfield code="e">Sec. Ext.</subfield>
      <subfield code="8">CG</subfield>
    </datafield>
    <datafield tag="952" ind1=" " ind2=" ">
      <subfield code="a">BIB_RECT</subfield>
      <subfield code="b">SAT_PBNA</subfield>
      <subfield code="d">2018-08-07</subfield>
      <subfield code="y">BK</subfield>
      <subfield code="p">11-49826</subfield>
      <subfield code="i">11-49826</subfield>
      <subfield code="g">330</subfield>
      <subfield code="o">378.4 S717e</subfield>
      <subfield code="e">Sec. Ext.</subfield>
      <subfield code="8">CG</subfield>
    </datafield>
    <datafield tag="952" ind1=" " ind2=" ">
      <subfield code="a">BIB_RECT</subfield>
      <subfield code="b">SAT_PDES</subfield>
      <subfield code="d">2018-08-07</subfield>
      <subfield code="y">BK</subfield>
      <subfield code="p">16-49825</subfield>
      <subfield code="i">16-49825</subfield>
      <subfield code="g">330</subfield>
      <subfield code="o">378.4 S717e</subfield>
      <subfield code="e">Sec. Ext.</subfield>
      <subfield code="8">CG</subfield>
    </datafield>
    <datafield tag="952" ind1=" " ind2=" ">
      <subfield code="a">BIB_RECT</subfield>
      <subfield code="b">SAT_GREG</subfield>
      <subfield code="d">2018-08-07</subfield>
      <subfield code="y">BK</subfield>
      <subfield code="p">18-49827</subfield>
      <subfield code="i">18-49827</subfield>
      <subfield code="g">330</subfield>
      <subfield code="o">378.4 S717e</subfield>
      <subfield code="e">Sec. Ext.</subfield>
      <subfield code="8">CG</subfield>
    </datafield>
  </record>
</collection>
